Date,Channel,Cost,Revenue
"Sep 30, 2022",Search,1623.42,1735.3
"Sep 30, 2022",Discovery,431.800282,189.8
"Sep 30, 2022",GDN Non-Smart Display,202.24024,0
"Sep 30, 2022",Facebook,0,419.4
"Sep 30, 2022",App Install,8161.827127,0
"Sep 30, 2022",Performance Max,70.70856,0
"Sep 30, 2022",G Shopping,5074.476466,719.2
"Sep 30, 2022",YouTube,10.032446,0
"Sep 29, 2022",YouTube,298.854106,0
"Sep 29, 2022",Search,1732.386081,4777.5
"Sep 29, 2022",GDN Non-Smart Display,157.384137,0
"Sep 29, 2022",Discovery,606.252474,359
"Sep 29, 2022",Performance Max,44.373419,0
"Sep 29, 2022",App Install,9316.225536,0
"Sep 29, 2022",G Shopping,3055.527455,1805
"Sep 29, 2022",Facebook,0,119.8
"Sep 28, 2022",Discovery,974.375099,159.8
"Sep 28, 2022",Search,1820.108,4007.7
"Sep 28, 2022",GDN Non-Smart Display,159.780199,174.3
"Sep 28, 2022",G Shopping,3151.590847,794.2
"Sep 28, 2022",Facebook,0,309.6
"Sep 28, 2022",YouTube,298.878697,0
"Sep 28, 2022",Performance Max,57.38235,0
"Sep 28, 2022",App Install,9063.513844,0
"Sep 27, 2022",Facebook,0,833.6
"Sep 27, 2022",Discovery,1165.840469,483.8
"Sep 27, 2022",Search,2009.395478,2405
"Sep 27, 2022",GDN Non-Smart Display,155.973102,729.2
"Sep 27, 2022",YouTube,298.276521,0
"Sep 27, 2022",App Install,8658.98439,0
"Sep 27, 2022",G Shopping,2963.262738,390.2
"Sep 27, 2022",Performance Max,56.390388,0
"Sep 26, 2022",Search,1854.836292,3399.9
"Sep 26, 2022",Discovery,1512.344591,119.8
"Sep 26, 2022",Performance Max,60.674294,0
"Sep 26, 2022",GDN Non-Smart Display,580.913844,0
"Sep 26, 2022",App Install,6044.557926,0
"Sep 26, 2022",YouTube,327.520005,0
"Sep 26, 2022",Facebook,0,464.3
"Sep 26, 2022",G Shopping,2950.058992,1217.1
"Sep 25, 2022",Search,1650.892589,2446.3
"Sep 25, 2022",Discovery,1091.023321,59.9
"Sep 25, 2022",Performance Max,69.024175,0
"Sep 25, 2022",Facebook,0,407.1
"Sep 25, 2022",GDN Non-Smart Display,650.39184,0
"Sep 25, 2022",YouTube,1376.602558,0
"Sep 25, 2022",G Shopping,3211.86287,584
"Sep 25, 2022",App Install,6088.319429,0
"Sep 24, 2022",GDN Non-Smart Display,635.113585,160.4
"Sep 24, 2022",Discovery,1091.705422,109.7
"Sep 24, 2022",Search,1355.386134,1227.6
"Sep 24, 2022",Facebook,0,948.4
"Sep 24, 2022",G Shopping,967.742607,923.9
"Sep 24, 2022",YouTube,1376.473628,0
"Sep 24, 2022",App Install,5847.431893,0
"Sep 24, 2022",Performance Max,106.043739,0
"Sep 23, 2022",Search,1237.487039,6727.9
"Sep 23, 2022",GDN Non-Smart Display,202.639941,0
"Sep 23, 2022",Discovery,631.605138,459.6
"Sep 23, 2022",App Install,10803.105696,0
"Sep 23, 2022",Performance Max,21.65361,0
"Sep 23, 2022",G Shopping,377.791982,1270.5
"Sep 23, 2022",YouTube,1328.33713,0
"Sep 23, 2022",Facebook,0,219.6
"Sep 22, 2022",Discovery,774.728404,354.1
"Sep 22, 2022",Facebook,0,469
"Sep 22, 2022",Search,989.913238,4121.9
"Sep 22, 2022",GDN Non-Smart Display,79.669411,558.6
"Sep 22, 2022",G Shopping,914.634633,2285.5
"Sep 22, 2022",YouTube,1106.91865,0
"Sep 22, 2022",Performance Max,43.822607,0
"Sep 22, 2022",App Install,1486.813894,0
"Sep 21, 2022",Search,1276.994942,4449.3
"Sep 21, 2022",Discovery,893.001955,335.2
"Sep 21, 2022",App Install,1485.337617,0
"Sep 21, 2022",GDN Non-Smart Display,116.799704,239.6
"Sep 21, 2022",YouTube,1094.09705,0
"Sep 21, 2022",Performance Max,55.159846,0
"Sep 21, 2022",Facebook,0,1043.3
"Sep 21, 2022",G Shopping,927.079253,1881.2
"Sep 20, 2022",Search,1372.068359,4119.3
"Sep 20, 2022",Discovery,1104.556201,823.4
"Sep 20, 2022",Performance Max,62.337713,19.9
"Sep 20, 2022",G Shopping,963.907578,2385
"Sep 20, 2022",GDN Non-Smart Display,234.885806,763.6
"Sep 20, 2022",Facebook,0,1077.3
"Sep 20, 2022",App Install,1528.796189,0
"Sep 19, 2022",Discovery,1022.383075,978.1
"Sep 19, 2022",Search,1463.841354,6120.6
"Sep 19, 2022",G Shopping,815.554437,1023.2
"Sep 19, 2022",GDN Non-Smart Display,247.813265,0
"Sep 19, 2022",App Install,1622.847062,0
"Sep 19, 2022",Performance Max,49.336352,0
"Sep 19, 2022",Facebook,0,369
"Sep 18, 2022",Discovery,628.336071,663.6
"Sep 18, 2022",Search,1526.306096,4256.7
"Sep 18, 2022",GDN Non-Smart Display,262.746286,0
"Sep 18, 2022",Facebook,0,588.7
"Sep 18, 2022",YouTube,0,449.2
"Sep 18, 2022",App Install,2023.588718,0
"Sep 18, 2022",G Shopping,783.75981,2365.8
"Sep 18, 2022",Performance Max,70.212529,0
"Sep 17, 2022",Search,1297.673784,4018.1
"Sep 17, 2022",Discovery,746.090703,0
"Sep 17, 2022",GDN Non-Smart Display,309.23903,0
"Sep 17, 2022",App Install,6046.228215,0
"Sep 17, 2022",Performance Max,70.321675,0
"Sep 17, 2022",Facebook,0,609
"Sep 17, 2022",G Shopping,210.149372,2678.8
"Sep 16, 2022",Discovery,774.252419,658.5
"Sep 16, 2022",Search,1182.104411,2951.1
"Sep 16, 2022",GDN Non-Smart Display,232.412265,0
"Sep 16, 2022",Facebook,0,324
"Sep 16, 2022",App Install,5221.27681,0
"Sep 16, 2022",Performance Max,64.845347,219.7
"Sep 16, 2022",G Shopping,464.381701,1307.7
"Sep 15, 2022",Search,1019.180417,399.2
"Sep 15, 2022",Discovery,1196.877101,359.4
"Sep 15, 2022",Performance Max,51.529085,0
"Sep 15, 2022",G Shopping,406.206777,931.7
"Sep 15, 2022",GDN Non-Smart Display,241.948044,0
"Sep 15, 2022",App Install,5138.530379,0
"Sep 14, 2022",Discovery,1582.694688,374.1
"Sep 14, 2022",GDN Non-Smart Display,195.064744,0
"Sep 14, 2022",Search,1091.150287,2576.7
"Sep 14, 2022",Performance Max,85.387673,0
"Sep 14, 2022",G Shopping,282.098949,724
"Sep 14, 2022",App Install,5222.087492,0
"Sep 14, 2022",Facebook,0,1050.9
"Sep 13, 2022",GDN Non-Smart Display,342.806082,179.7
"Sep 13, 2022",Search,1189.219555,1158.5
"Sep 13, 2022",Performance Max,34.133877,0
"Sep 13, 2022",Discovery,1472.657589,1378.4
"Sep 13, 2022",App Install,5957.108589,0
"Sep 13, 2022",YouTube,404.148417,199.6
"Sep 13, 2022",G Shopping,451.295493,159.6
"Sep 13, 2022",Facebook,0,2501.6
"Sep 12, 2022",G Shopping,435.3333,879
"Sep 12, 2022",Facebook,0,319.4
"Sep 12, 2022",GDN Non-Smart Display,359.260804,159.8
"Sep 12, 2022",Search,1164.605818,2760.3
"Sep 12, 2022",Discovery,1668.07531,149.9
"Sep 12, 2022",YouTube,422.395372,0
"Sep 12, 2022",App Install,8097.298448,0
"Sep 12, 2022",Performance Max,113.75647,0
"Sep 11, 2022",Discovery,947.483953,284.5
"Sep 11, 2022",Search,1286.330984,3045.6
"Sep 11, 2022",GDN Non-Smart Display,370.044789,0
"Sep 11, 2022",Facebook,0,299.6
"Sep 11, 2022",App Install,7400.134597,0
"Sep 11, 2022",YouTube,3148.174019,0
"Sep 11, 2022",G Shopping,1000.579947,579
"Sep 11, 2022",Performance Max,119.726694,259.8
"Sep 10, 2022",Discovery,872.003378,379.5
"Sep 10, 2022",GDN Non-Smart Display,393.303804,484.1
"Sep 10, 2022",Search,1146.006492,2202.2
"Sep 10, 2022",YouTube,3194.419278,0
"Sep 10, 2022",Facebook,0,1148.2
"Sep 10, 2022",G Shopping,1176.788385,924.2
"Sep 10, 2022",Performance Max,7.327985,159.8
"Sep 10, 2022",App Install,6047.779265,0
"Sep 9, 2022",Discovery,1348.976198,379.3
"Sep 9, 2022",Search,1171.756205,2696
"Sep 9, 2022",GDN Non-Smart Display,398.846396,479.5
"Sep 9, 2022",YouTube,3161.291845,159.8
"Sep 9, 2022",Facebook,0,299.5
"Sep 9, 2022",Performance Max,0.22423,0
"Sep 9, 2022",App Install,7505.552248,0
"Sep 9, 2022",G Shopping,473.580569,2366.4
"Sep 8, 2022",Search,1308.331929,2568.8
"Sep 8, 2022",GDN Non-Smart Display,317.955655,0
"Sep 8, 2022",Discovery,1221.165711,259.7
"Sep 8, 2022",YouTube,3112.914301,319.6
"Sep 8, 2022",Facebook,0,1342.5
"Sep 8, 2022",App Install,313.783846,0
"Sep 8, 2022",G Shopping,865.322257,699.1
"Sep 7, 2022",Search,1154.078935,2253.1
"Sep 7, 2022",YouTube,3192.578985,299.8
"Sep 7, 2022",GDN Non-Smart Display,730.94593,179.7
"Sep 7, 2022",Discovery,1434.009266,1433.3
"Sep 7, 2022",Facebook,0,519.1
"Sep 7, 2022",App Install,272.391965,0
"Sep 7, 2022",G Shopping,1057.834053,1802.1
"Sep 6, 2022",GDN Non-Smart Display,789.543275,109.7
"Sep 6, 2022",Search,1153.968079,2446.4
"Sep 6, 2022",Discovery,1402.209683,629.1
"Sep 6, 2022",YouTube,2993.504668,0
"Sep 6, 2022",App Install,188.248099,0
"Sep 6, 2022",Facebook,0,559.2
"Sep 6, 2022",G Shopping,678.047111,560
"Sep 5, 2022",Discovery,1228.357705,144.7
"Sep 5, 2022",Search,1446.415876,3853.8
"Sep 5, 2022",GDN Non-Smart Display,614.885663,159.8
"Sep 5, 2022",YouTube,2758.004014,0
"Sep 5, 2022",G Shopping,820.345233,1916.5
"Sep 5, 2022",Facebook,0,164.7
"Sep 5, 2022",App Install,137.643594,0
"Sep 4, 2022",Search,1221.774696,2547.1
"Sep 4, 2022",Discovery,1328.009754,0
"Sep 4, 2022",YouTube,2765.254281,319.3
"Sep 4, 2022",GDN Non-Smart Display,985.589394,0
"Sep 4, 2022",App Install,136.923249,0
"Sep 4, 2022",Facebook,0,389.1
"Sep 4, 2022",G Shopping,866.463867,369.4
"Sep 3, 2022",Search,1077.3735,1546.4
"Sep 3, 2022",Discovery,1113.643798,379.3
"Sep 3, 2022",Facebook,0,514.1
"Sep 3, 2022",GDN Non-Smart Display,1140.717804,299.8
"Sep 3, 2022",YouTube,2840.105492,0
"Sep 3, 2022",G Shopping,899.383529,1847.6
"Sep 3, 2022",App Install,315.889151,0
"Sep 2, 2022",Discovery,1391.505803,0
"Sep 2, 2022",YouTube,2828.136026,0
"Sep 2, 2022",Search,1076.074365,3854.7
"Sep 2, 2022",GDN Non-Smart Display,1175.153409,0
"Sep 2, 2022",G Shopping,813.503812,543.6
"Sep 2, 2022",Facebook,0,379.5
"Sep 2, 2022",App Install,5380.437802,0
"Sep 1, 2022",GDN Non-Smart Display,1384.357055,229.8
"Sep 1, 2022",Discovery,1738.774615,59.8
"Sep 1, 2022",Search,965.997984,2959.9
"Sep 1, 2022",Facebook,0,179.7
"Sep 1, 2022",App Install,7881.506318,0
"Sep 1, 2022",YouTube,2721.558166,0
"Sep 1, 2022",G Shopping,819.116564,529
"Aug 31, 2022",YouTube,1073.530943,0
"Aug 31, 2022",Facebook,0,2306.9
"Aug 31, 2022",Discovery,854.465884,0
"Aug 31, 2022",Search,1617.429212,3005.7
"Aug 31, 2022",GDN Non-Smart Display,365.532168,0
"Aug 31, 2022",App Install,14662.058842,0
"Aug 31, 2022",G Shopping,5411.65187,2075.8
"Aug 30, 2022",Discovery,731.89725,239.6
"Aug 30, 2022",Search,1411.991932,2251.1
"Aug 30, 2022",GDN Non-Smart Display,427.894091,119.8
"Aug 30, 2022",Facebook,0,918.6
"Aug 30, 2022",G Shopping,700.033593,906.6
"Aug 30, 2022",App Install,9024.903332,0
"Aug 29, 2022",Search,965.865269,1043.7
"Aug 29, 2022",Discovery,989.808102,119.7
"Aug 29, 2022",Facebook,0,906.1
"Aug 29, 2022",GDN Non-Smart Display,405.312542,0
"Aug 29, 2022",G Shopping,762.77009,1577.8
"Aug 29, 2022",App Install,5967.120149,0
"Aug 28, 2022",Discovery,686.473223,748.8
"Aug 28, 2022",Search,1078.360715,2775.8
"Aug 28, 2022",GDN Non-Smart Display,608.090209,0
"Aug 28, 2022",Facebook,0,788.9
"Aug 28, 2022",App Install,5977.702728,0
"Aug 28, 2022",G Shopping,768.301691,1268.3
"Aug 27, 2022",Discovery,900.454043,0
"Aug 27, 2022",GDN Non-Smart Display,819.072179,1108.1
"Aug 27, 2022",Facebook,0,759
"Aug 27, 2022",Search,1100.307466,2885.5
"Aug 27, 2022",App Install,62.218602,0
"Aug 27, 2022",G Shopping,756.025538,728.2
"Aug 26, 2022",GDN Non-Smart Display,873.501467,119.8
"Aug 26, 2022",Search,1683.754927,1277.7
"Aug 26, 2022",Discovery,1210.915628,1478.3
"Aug 26, 2022",Facebook,0,759.1
"Aug 26, 2022",App Install,55.776942,0
"Aug 26, 2022",G Shopping,716.819817,369.2
"Aug 25, 2022",Search,1825.570982,3863.4
"Aug 25, 2022",GDN Non-Smart Display,656.357022,224.5
"Aug 25, 2022",Discovery,1012.498631,29.9
"Aug 25, 2022",App Install,136.377494,0
"Aug 25, 2022",Facebook,0,159.8
"Aug 25, 2022",G Shopping,736.473787,1178.2
"Aug 24, 2022",Search,1009.560746,2172.8
"Aug 24, 2022",GDN Non-Smart Display,237.648016,0
"Aug 24, 2022",Discovery,1311.943613,444.4
"Aug 24, 2022",G Shopping,746.084682,299.1
"Aug 24, 2022",App Install,3724.113812,0
"Aug 24, 2022",Facebook,0,968.8
"Aug 23, 2022",Discovery,1227.137346,79.8
"Aug 23, 2022",Search,1059.041312,2911.2
"Aug 23, 2022",G Shopping,596.936972,719.1
"Aug 23, 2022",GDN Non-Smart Display,200.179393,59.9
"Aug 23, 2022",Facebook,0,419.3
"Aug 23, 2022",App Install,4494.314385,0
"Aug 22, 2022",Discovery,1123.230897,863.4
"Aug 22, 2022",G Shopping,829.735942,948.2
"Aug 22, 2022",Search,1043.839582,4678.3
"Aug 22, 2022",GDN Non-Smart Display,218.376553,409.5
"Aug 22, 2022",Facebook,0,79.9
"Aug 22, 2022",App Install,4587.960842,0
"Aug 21, 2022",Discovery,937.56576,139.8
"Aug 21, 2022",Search,1122.225549,1667.4
"Aug 21, 2022",GDN Non-Smart Display,455.162334,214.2
"Aug 21, 2022",Facebook,0,609.3
"Aug 21, 2022",G Shopping,841.471804,269.3
"Aug 21, 2022",App Install,4819.146508,0
"Aug 20, 2022",Discovery,1045.425019,204.7
"Aug 20, 2022",Search,1051.852914,1427.3
"Aug 20, 2022",GDN Non-Smart Display,538.954793,249.9
"Aug 20, 2022",G Shopping,828.65527,1688.1
"Aug 20, 2022",App Install,4807.478227,0
"Aug 19, 2022",Discovery,1559.50428,478.8
"Aug 19, 2022",GDN Non-Smart Display,431.701653,0
"Aug 19, 2022",Search,1040.601367,1627.1
"Aug 19, 2022",G Shopping,863.051764,853.5
"Aug 19, 2022",Facebook,0,444.3
"Aug 19, 2022",App Install,4595.846338,0
"Aug 18, 2022",G Shopping,894.658401,1862.8
"Aug 18, 2022",Facebook,0,344.4
"Aug 18, 2022",Search,998.116164,2341.7
"Aug 18, 2022",Discovery,1316.451702,0
"Aug 18, 2022",GDN Non-Smart Display,380.897574,239.4
"Aug 18, 2022",App Install,4710.255826,0
"Aug 17, 2022",Search,860.773038,3003.4
"Aug 17, 2022",Discovery,1627.859016,0
"Aug 17, 2022",GDN Non-Smart Display,368.336494,164.6
"Aug 17, 2022",G Shopping,871.113302,1796.8
"Aug 17, 2022",App Install,4715.824413,0
"Aug 17, 2022",Facebook,0,139.8
"Aug 16, 2022",Discovery,1594.753825,359.4
"Aug 16, 2022",Search,800.33627,1378.1
"Aug 16, 2022",G Shopping,905.694287,2167.6
"Aug 16, 2022",GDN Non-Smart Display,368.862291,0
"Aug 16, 2022",App Install,4696.284228,0
"Aug 15, 2022",Discovery,1734.601049,0
"Aug 15, 2022",GDN Non-Smart Display,2059.994922,379.2
"Aug 15, 2022",Search,971.56937,2840.3
"Aug 15, 2022",App Install,4595.617903,0
"Aug 15, 2022",G Shopping,721.575332,3419.6
"Aug 14, 2022",Search,1106.251285,2745.6
"Aug 14, 2022",Discovery,1157.632369,339.5
"Aug 14, 2022",Facebook,0,753.7
"Aug 14, 2022",GDN Non-Smart Display,2825.136535,958.9
"Aug 14, 2022",App Install,4693.452733,0
"Aug 14, 2022",G Shopping,763.980294,1966.3
"Aug 13, 2022",Discovery,1658.639298,968.5
"Aug 13, 2022",GDN Non-Smart Display,1884.858603,0
"Aug 13, 2022",Search,1137.221953,2980.3
"Aug 13, 2022",G Shopping,874.078772,1442.1
"Aug 13, 2022",App Install,4729.576476,0
"Aug 12, 2022",GDN Non-Smart Display,1224.142749,0
"Aug 12, 2022",Discovery,2180.021248,249.4
"Aug 12, 2022",Search,1099.052243,1633
"Aug 12, 2022",App Install,4840.028343,0
"Aug 12, 2022",Facebook,0,29.9
"Aug 12, 2022",G Shopping,929.441878,1995.2
"Aug 11, 2022",Discovery,2289.896155,1083.7
"Aug 11, 2022",Search,977.098018,2576.1
"Aug 11, 2022",Facebook,0,928.6
"Aug 11, 2022",GDN Non-Smart Display,855.778797,944.2
"Aug 11, 2022",G Shopping,861.435365,1257.9
"Aug 11, 2022",App Install,4461.428774,0
"Aug 10, 2022",Discovery,2134.778156,304.3
"Aug 10, 2022",GDN Non-Smart Display,436.940805,379.5
"Aug 10, 2022",Search,934.177674,1113.1
"Aug 10, 2022",G Shopping,745.7957,2171.1
"Aug 10, 2022",App Install,4588.365272,0
"Aug 10, 2022",Facebook,0,1188.4
"Aug 9, 2022",Discovery,2311.927496,1063.9
"Aug 9, 2022",Search,1068.246578,6134.2
"Aug 9, 2022",G Shopping,831.963478,1597.3
"Aug 9, 2022",Facebook,0,589.2
"Aug 9, 2022",GDN Non-Smart Display,0.387561,249.7
"Aug 9, 2022",App Install,4651.343323,0
"Aug 8, 2022",Discovery,1772.829541,409.5
"Aug 8, 2022",Search,936.400212,3878.5
"Aug 8, 2022",G Shopping,819.006369,2505.9
"Aug 8, 2022",Facebook,0,704.1
"Aug 8, 2022",App Install,4392.306212,0
"Aug 7, 2022",Discovery,1004.491983,179.7
"Aug 7, 2022",Search,1012.014831,2295.3
"Aug 7, 2022",G Shopping,810.086318,1383.2
"Aug 7, 2022",App Install,4033.986745,0
"Aug 7, 2022",Facebook,0,189.5
"Aug 7, 2022",GDN Non-Smart Display,0,299.8
"Aug 6, 2022",Search,921.799169,658.9
"Aug 6, 2022",Discovery,1207.126619,329.6
"Aug 6, 2022",App Install,4018.75532,0
"Aug 6, 2022",Facebook,0,459.3
"Aug 6, 2022",G Shopping,803.697468,1502.4
"Aug 6, 2022",YouTube,0,359.5
"Aug 5, 2022",Discovery,2007.053731,239.6
"Aug 5, 2022",Search,931.751743,1936.7
"Aug 5, 2022",Facebook,0,429.2
"Aug 5, 2022",App Install,4003.396194,0
"Aug 5, 2022",G Shopping,786.035758,1157.7
"Aug 5, 2022",YouTube,0,244.8
"Aug 4, 2022",Discovery,2013.701354,379.7
"Aug 4, 2022",Facebook,0,394.2
"Aug 4, 2022",Search,1020.15727,1233.7
"Aug 4, 2022",App Install,3988.91,0
"Aug 4, 2022",G Shopping,827.89248,888.7
"Aug 4, 2022",GDN Non-Smart Display,96.165448,0
"Aug 3, 2022",Discovery,1945.231704,489
"Aug 3, 2022",Search,1181.071375,1303.1
"Aug 3, 2022",G Shopping,802.374484,689.1
"Aug 3, 2022",App Install,3916.739641,0
"Aug 3, 2022",Facebook,0,1098.1
"Aug 3, 2022",GDN Non-Smart Display,101.674549,0
"Aug 2, 2022",Discovery,2133.810315,1118.6
"Aug 2, 2022",Search,1050.62365,3089.2
"Aug 2, 2022",Facebook,0,539.4
"Aug 2, 2022",App Install,3938.055941,0
"Aug 2, 2022",GDN Non-Smart Display,99.270521,0
"Aug 2, 2022",G Shopping,670.357296,1857.7
"Aug 1, 2022",Discovery,2095.114887,679.4
"Aug 1, 2022",Search,1360.054328,4366.8
"Aug 1, 2022",Facebook,0,59.9
"Aug 1, 2022",App Install,3971.360409,0
"Aug 1, 2022",G Shopping,725.31143,1982
"Aug 1, 2022",YouTube,0,658.5
"Aug 1, 2022",GDN Non-Smart Display,100.604965,0
"Jul 31, 2022",YouTube,3119.822831,0
"Jul 31, 2022",Search,1343.158073,2806
"Jul 31, 2022",Discovery,1650.218619,584.2
"Jul 31, 2022",GDN Non-Smart Display,200.378803,0
"Jul 31, 2022",Facebook,0,239.5
"Jul 31, 2022",App Install,4046.209703,0
"Jul 31, 2022",Performance Max,0,179.7
"Jul 31, 2022",G Shopping,571.660401,1108.1
"Jul 30, 2022",Discovery,1325.726771,698.8
"Jul 30, 2022",Facebook,0,239.7
"Jul 30, 2022",Search,1354.89036,2796.9
"Jul 30, 2022",YouTube,4008.662124,359.4
"Jul 30, 2022",G Shopping,595.126889,703.4
"Jul 30, 2022",App Install,4083.194901,0
"Jul 30, 2022",GDN Non-Smart Display,73.861349,59.9
"Jul 29, 2022",Discovery,1990.967218,219.6
"Jul 29, 2022",Search,1384.231109,2266.8
"Jul 29, 2022",YouTube,1987.017423,0
"Jul 29, 2022",GDN Non-Smart Display,0,209.8
"Jul 29, 2022",G Shopping,619.825328,1732.3
"Jul 29, 2022",App Install,4085.283731,0
"Jul 29, 2022",Facebook,0,359.4
"Jul 28, 2022",Discovery,1469.031916,419
"Jul 28, 2022",YouTube,3313.032097,0
"Jul 28, 2022",Search,1926.471167,2476.8
"Jul 28, 2022",G Shopping,640.869331,694
"Jul 28, 2022",GDN Non-Smart Display,68.830986,0
"Jul 28, 2022",App Install,4138.653371,0
"Jul 27, 2022",Discovery,1575.124412,159.8
"Jul 27, 2022",GDN Non-Smart Display,2516.929414,239.7
"Jul 27, 2022",Search,1033.974304,3170.8
"Jul 27, 2022",YouTube,3299.25934,0
"Jul 27, 2022",Facebook,0,159.8
"Jul 27, 2022",App Install,4171.218048,0
"Jul 27, 2022",G Shopping,685.81047,1760.7
"Jul 26, 2022",Discovery,1433.131881,1212.4
"Jul 26, 2022",GDN Non-Smart Display,1727.63063,513.5
"Jul 26, 2022",YouTube,3292.479501,0
"Jul 26, 2022",Search,953.295408,988.4
"Jul 26, 2022",App Install,4155.59927,0
"Jul 26, 2022",G Shopping,706.685773,908.5
"Jul 25, 2022",Search,1027.618892,4602.8
"Jul 25, 2022",GDN Non-Smart Display,1246.610184,479.5
"Jul 25, 2022",YouTube,3294.516427,0
"Jul 25, 2022",Discovery,1506.834476,329.4
"Jul 25, 2022",Facebook,0,219.7
"Jul 25, 2022",App Install,4103.006085,0
"Jul 25, 2022",G Shopping,672.575948,1158.3
"Jul 24, 2022",Search,1244.478432,3354.6
"Jul 24, 2022",Discovery,914.244411,639
"Jul 24, 2022",YouTube,3290.121691,0
"Jul 24, 2022",GDN Non-Smart Display,2574.000392,0
"Jul 24, 2022",G Shopping,796.490632,2357
"Jul 24, 2022",App Install,4252.240231,0
"Jul 23, 2022",Discovery,986.447228,159.8
"Jul 23, 2022",Search,1265.730145,1038.2
"Jul 23, 2022",GDN Non-Smart Display,2038.423538,0
"Jul 23, 2022",YouTube,3289.224436,0
"Jul 23, 2022",G Shopping,775.021167,1825.9
"Jul 23, 2022",App Install,3749.66789,0
"Jul 23, 2022",Facebook,0,219.7
"Jul 22, 2022",Discovery,1678.059027,878.7
"Jul 22, 2022",Search,1174.120369,1378.2
"Jul 22, 2022",YouTube,3286.932255,279.3
"Jul 22, 2022",GDN Non-Smart Display,2155.975711,0
"Jul 22, 2022",App Install,4057.453133,0
"Jul 22, 2022",Facebook,0,299.4
"Jul 22, 2022",G Shopping,792.646657,823.8
"Jul 21, 2022",GDN Non-Smart Display,1915.20274,648.6
"Jul 21, 2022",Discovery,1595.47238,159.7
"Jul 21, 2022",YouTube,3285.216504,0
"Jul 21, 2022",Search,1243.037424,1606.6
"Jul 21, 2022",G Shopping,698.256997,1988
"Jul 21, 2022",App Install,4089.977873,0
"Jul 21, 2022",Facebook,0,688.9
"Jul 20, 2022",GDN Non-Smart Display,1980.974629,1222.4
"Jul 20, 2022",YouTube,3277.335593,0
"Jul 20, 2022",Discovery,1799.776544,159.6
"Jul 20, 2022",Facebook,0,679.2
"Jul 20, 2022",Search,1247.499456,1021
"Jul 20, 2022",App Install,4024.088234,0
"Jul 20, 2022",G Shopping,746.392875,1487.8
"Jul 19, 2022",GDN Non-Smart Display,1870.881966,0
"Jul 19, 2022",Discovery,1947.959035,79.9
"Jul 19, 2022",YouTube,3280.748848,584.2
"Jul 19, 2022",Search,1127.656151,2647
"Jul 19, 2022",G Shopping,608.328122,2141.7
"Jul 19, 2022",App Install,4094.893459,0
"Jul 18, 2022",Search,1117.545564,1533
"Jul 18, 2022",Discovery,2104.187821,169.8
"Jul 18, 2022",G Shopping,636.181675,978.6
"Jul 18, 2022",GDN Non-Smart Display,1433.851763,329.8
"Jul 18, 2022",App Install,4083.078913,0
"Jul 18, 2022",YouTube,3281.417764,0
"Jul 17, 2022",YouTube,3342.348331,59.8
"Jul 17, 2022",Discovery,1108.421544,0
"Jul 17, 2022",Search,1171.593618,1232.8
"Jul 17, 2022",GDN Non-Smart Display,1127.475272,159.8
"Jul 17, 2022",Facebook,0,299.6
"Jul 17, 2022",G Shopping,816.156785,1358.7
"Jul 17, 2022",App Install,4041.599022,0
"Jul 16, 2022",App Install,4099.718615,0
"Jul 16, 2022",Search,988.148845,992.9
"Jul 16, 2022",GDN Non-Smart Display,923.604605,0
"Jul 16, 2022",Discovery,1318.252535,519.2
"Jul 16, 2022",YouTube,2740.862277,0
"Jul 16, 2022",Facebook,0,269.4
"Jul 16, 2022",G Shopping,697.624372,1551.4
"Jul 15, 2022",GDN Non-Smart Display,862.681096,159.6
"Jul 15, 2022",Search,870.528389,1033.3
"Jul 15, 2022",Discovery,1666.383,983.1
"Jul 15, 2022",YouTube,2689.838789,0
"Jul 15, 2022",Facebook,0,579
"Jul 15, 2022",G Shopping,706.056594,329.6
"Jul 15, 2022",App Install,3905.076579,0
"Jul 14, 2022",Discovery,1656.865293,828.7
"Jul 14, 2022",Search,948.761604,2145.1
"Jul 14, 2022",GDN Non-Smart Display,969.87558,0
"Jul 14, 2022",YouTube,1954.707236,0
"Jul 14, 2022",G Shopping,855.065433,773.6
"Jul 14, 2022",App Install,4055.978499,0
"Jul 13, 2022",Search,906.876509,1752.3
"Jul 13, 2022",Discovery,1674.750985,829
"Jul 13, 2022",G Shopping,732.568772,2026.9
"Jul 13, 2022",GDN Non-Smart Display,1019.79046,0
"Jul 13, 2022",YouTube,281.140919,0
"Jul 13, 2022",App Install,4095.77986,0
"Jul 13, 2022",Facebook,0,199.8
"Jul 12, 2022",G Shopping,804.650814,758.2
"Jul 12, 2022",Discovery,1825.5044,189.6
"Jul 12, 2022",Search,1299.025144,3056.6
"Jul 12, 2022",GDN Non-Smart Display,537.597671,534.2
"Jul 12, 2022",Facebook,0,189.6
"Jul 12, 2022",App Install,4065.262605,0
"Jul 12, 2022",Performance Max,3.343936,139.8
"Jul 11, 2022",Search,1364.92694,2471.7
"Jul 11, 2022",Discovery,962.314335,519.3
"Jul 11, 2022",Performance Max,68.70158,0
"Jul 11, 2022",GDN Non-Smart Display,219.771397,239.6
"Jul 11, 2022",App Install,4094.48408,0
"Jul 11, 2022",Facebook,0,509.4
"Jul 11, 2022",G Shopping,858.775779,1387.2
"Jul 10, 2022",Search,1402.598711,99.8
"Jul 10, 2022",Discovery,941.042948,59.8
"Jul 10, 2022",Performance Max,133.973421,0
"Jul 10, 2022",GDN Non-Smart Display,254.382171,0
"Jul 10, 2022",App Install,4096.518319,0
"Jul 10, 2022",Facebook,0,639
"Jul 10, 2022",G Shopping,788.328227,1876.8
"Jul 9, 2022",Search,1316.492606,1977.1
"Jul 9, 2022",Discovery,933.406482,949.3
"Jul 9, 2022",GDN Non-Smart Display,256.479574,0
"Jul 9, 2022",App Install,4131.478274,0
"Jul 9, 2022",G Shopping,776.344077,1138.1
"Jul 9, 2022",Performance Max,47.63143,0
"Jul 9, 2022",Facebook,0,359.7
"Jul 8, 2022",Discovery,1273.315818,958.5
"Jul 8, 2022",G Shopping,805.821848,239.7
"Jul 8, 2022",Search,1152.0357,2705.6
"Jul 8, 2022",GDN Non-Smart Display,305.112166,0
"Jul 8, 2022",Facebook,0,1831.8
"Jul 8, 2022",Performance Max,71.395492,0
"Jul 8, 2022",App Install,4196.699841,0
"Jul 7, 2022",Discovery,1157.189247,0
"Jul 7, 2022",Search,1072.943688,3615.5
"Jul 7, 2022",GDN Non-Smart Display,438.400079,0
"Jul 7, 2022",App Install,3974.497827,0
"Jul 7, 2022",G Shopping,641.354459,888.6
"Jul 7, 2022",Facebook,0,199.7
"Jul 7, 2022",Performance Max,41.930236,0
"Jul 6, 2022",Discovery,909.370929,279.8
"Jul 6, 2022",GDN Non-Smart Display,431.35177,0
"Jul 6, 2022",Search,1106.685625,2051.1
"Jul 6, 2022",Facebook,0,576.9
"Jul 6, 2022",Performance Max,54.929049,0
"Jul 6, 2022",G Shopping,618.684182,708.5
"Jul 6, 2022",App Install,4168.33918,0
"Jul 5, 2022",GDN Non-Smart Display,317.857518,324.4
"Jul 5, 2022",Discovery,821.939034,514.2
"Jul 5, 2022",Search,1131.108458,4347.3
"Jul 5, 2022",Facebook,0,214.4
"Jul 5, 2022",App Install,4428.978072,0
"Jul 5, 2022",Performance Max,102.637818,0
"Jul 5, 2022",G Shopping,745.056925,559.2
"Jul 4, 2022",Search,1242.73413,1472.5
"Jul 4, 2022",Discovery,912.910089,59.9
"Jul 4, 2022",GDN Non-Smart Display,382.657412,0
"Jul 4, 2022",App Install,3897.782017,0
"Jul 4, 2022",Facebook,0,1133.2
"Jul 4, 2022",Performance Max,125.538853,0
"Jul 4, 2022",G Shopping,537.77024,1422.6
"Jul 3, 2022",Discovery,1167.9559,0
"Jul 3, 2022",Search,1462.949707,1208.5
"Jul 3, 2022",GDN Non-Smart Display,517.740366,199.7
"Jul 3, 2022",G Shopping,712.033434,549.4
"Jul 3, 2022",App Install,3918.300767,0
"Jul 3, 2022",YouTube,1713.384409,19.6
"Jul 3, 2022",Facebook,0,528.9
"Jul 3, 2022",Performance Max,24.500469,0
"Jul 2, 2022",YouTube,1709.823424,0
"Jul 2, 2022",Discovery,1057.806347,0
"Jul 2, 2022",Search,1256.184435,1532.4
"Jul 2, 2022",GDN Non-Smart Display,676.506045,309.6
"Jul 2, 2022",G Shopping,711.489354,2057
"Jul 2, 2022",App Install,4012.431007,0
"Jul 2, 2022",Performance Max,76.194335,0
"Jul 1, 2022",Discovery,1640.137049,419.3
"Jul 1, 2022",GDN Non-Smart Display,375.454742,0
"Jul 1, 2022",Facebook,0,754
"Jul 1, 2022",Search,1168.051767,1548
"Jul 1, 2022",Performance Max,46.429113,0
"Jul 1, 2022",YouTube,1738.674594,0
"Jul 1, 2022",G Shopping,1464.335389,469.4
"Jul 1, 2022",App Install,4155.744517,0
"Jun 30, 2022",GDN Non-Smart Display,197.541713,139.8
"Jun 30, 2022",Discovery,2406.644446,179.7
"Jun 30, 2022",Search,991.614738,8455.1
"Jun 30, 2022",Performance Max,194.343492,0
"Jun 30, 2022",G Shopping,4479.57508,1862.4
"Jun 30, 2022",App Install,5025.113776,0
"Jun 30, 2022",YouTube,2369.740303,0
"Jun 30, 2022",Facebook,0,509.3
"Jun 29, 2022",Search,1023.238175,1762
"Jun 29, 2022",GDN Non-Smart Display,148.780687,0
"Jun 29, 2022",G Shopping,2518.766037,2799.9
"Jun 29, 2022",YouTube,2365.545635,0
"Jun 29, 2022",Discovery,2554.839421,244.8
"Jun 29, 2022",App Install,5072.182737,0
"Jun 29, 2022",Performance Max,120.626741,0
"Jun 29, 2022",Facebook,0,1027.7
"Jun 28, 2022",Discovery,2059.778771,649
"Jun 28, 2022",GDN Non-Smart Display,115.122366,179.7
"Jun 28, 2022",Search,1053.577057,2087.3
"Jun 28, 2022",Facebook,0,738.4
"Jun 28, 2022",App Install,5012.646399,0
"Jun 28, 2022",G Shopping,959.380689,2016.6
"Jun 28, 2022",YouTube,2084.52778,0
"Jun 28, 2022",Performance Max,147.465529,0
"Jun 27, 2022",Search,1090.260892,3754.5
"Jun 27, 2022",Discovery,1720.488938,0
"Jun 27, 2022",GDN Non-Smart Display,115.465872,259.7
"Jun 27, 2022",Facebook,0,244.8
"Jun 27, 2022",G Shopping,856.602246,1761.6
"Jun 27, 2022",YouTube,507.912227,0
"Jun 27, 2022",Performance Max,61.224838,0
"Jun 27, 2022",App Install,4760.202776,0
"Jun 26, 2022",GDN Non-Smart Display,161.230885,139.3
"Jun 26, 2022",Discovery,1312.293004,279.7
"Jun 26, 2022",Search,1228.317608,3260.1
"Jun 26, 2022",Facebook,0,688.9
"Jun 26, 2022",App Install,4866.692043,0
"Jun 26, 2022",Performance Max,85.156243,0
"Jun 26, 2022",YouTube,509.235185,0
"Jun 26, 2022",G Shopping,1080.246603,3615
"Jun 25, 2022",Search,1211.023768,1646.9
"Jun 25, 2022",GDN Non-Smart Display,57.788695,0
"Jun 25, 2022",Discovery,901.836147,79.9
"Jun 25, 2022",YouTube,505.789551,0
"Jun 25, 2022",G Shopping,1169.025617,723.7
"Jun 25, 2022",App Install,4226.968113,0
"Jun 25, 2022",Performance Max,83.768248,0
"Jun 25, 2022",Facebook,0,159.7
"Jun 24, 2022",Search,1236.244677,1532.8
"Jun 24, 2022",Discovery,1274.804814,0
"Jun 24, 2022",YouTube,506.021679,0
"Jun 24, 2022",GDN Non-Smart Display,77.825357,633.5
"Jun 24, 2022",G Shopping,1043.451808,1297.8
"Jun 24, 2022",App Install,4152.254077,0
"Jun 24, 2022",Performance Max,199.263866,0
"Jun 23, 2022",YouTube,802.133525,0
"Jun 23, 2022",Search,1280.570216,3669.8
"Jun 23, 2022",Discovery,1328.475103,0
"Jun 23, 2022",GDN Non-Smart Display,102.532617,269.3
"Jun 23, 2022",G Shopping,902.236985,444.3
"Jun 23, 2022",Performance Max,0.950687,0
"Jun 23, 2022",Facebook,0,399.5
"Jun 23, 2022",App Install,4089.422796,0
"Jun 22, 2022",Search,1188.975733,5096.2
"Jun 22, 2022",Discovery,1632.125619,389.7
"Jun 22, 2022",YouTube,485.468671,0
"Jun 22, 2022",GDN Non-Smart Display,112.579283,0
"Jun 22, 2022",App Install,4156.51291,0
"Jun 22, 2022",Facebook,0,314.5
"Jun 22, 2022",G Shopping,1062.516103,1178.5
"Jun 21, 2022",Search,1389.347814,2992.8
"Jun 21, 2022",GDN Non-Smart Display,278.336953,199.7
"Jun 21, 2022",YouTube,447.839915,0
"Jun 21, 2022",Discovery,1423.762112,768.5
"Jun 21, 2022",G Shopping,1001.535805,1677.5
"Jun 21, 2022",Facebook,0,249.5
"Jun 21, 2022",App Install,4272.970273,0
"Jun 20, 2022",Discovery,1370.090115,659.2
"Jun 20, 2022",Search,1385.01378,6872.4
"Jun 20, 2022",YouTube,399.233611,0
"Jun 20, 2022",GDN Non-Smart Display,899.958077,769
"Jun 20, 2022",Facebook,0,1373.2
"Jun 20, 2022",App Install,4165.945082,0
"Jun 20, 2022",G Shopping,685.069586,644
"Jun 19, 2022",YouTube,347.812205,119.8
"Jun 19, 2022",Search,1166.536785,2921
"Jun 19, 2022",Discovery,1090.751622,399.4
"Jun 19, 2022",GDN Non-Smart Display,1014.667456,99.9
"Jun 19, 2022",App Install,4177.735837,0
"Jun 19, 2022",Facebook,0,329.7
"Jun 19, 2022",G Shopping,574.346815,578.8
"Jun 18, 2022",Discovery,775.126738,0
"Jun 18, 2022",GDN Non-Smart Display,665.49161,464.4
"Jun 18, 2022",Search,1095.78888,1807
"Jun 18, 2022",App Install,4216.195826,0
"Jun 18, 2022",G Shopping,528.219989,1532.9
"Jun 18, 2022",YouTube,348.01294,0
"Jun 18, 2022",Facebook,0,499.7
"Jun 17, 2022",Search,791.860772,1337.8
"Jun 17, 2022",Discovery,1037.921887,0
"Jun 17, 2022",GDN Non-Smart Display,712.551454,154.8
"Jun 17, 2022",YouTube,349.875509,0
"Jun 17, 2022",G Shopping,742.683159,569
"Jun 17, 2022",App Install,4111.069204,0
"Jun 16, 2022",Search,953.426676,4224.8
"Jun 16, 2022",GDN Non-Smart Display,685.027731,0
"Jun 16, 2022",Discovery,1042.29783,339.5
"Jun 16, 2022",Facebook,0,683.8
"Jun 16, 2022",G Shopping,970.189051,1842.5
"Jun 16, 2022",YouTube,348.437161,0
"Jun 16, 2022",App Install,4058.33421,0
"Jun 15, 2022",GDN Non-Smart Display,374.835478,319.6
"Jun 15, 2022",Search,888.600603,1153.5
"Jun 15, 2022",Discovery,1184.198273,259.5
"Jun 15, 2022",YouTube,353.007486,0
"Jun 15, 2022",App Install,4251.037178,0
"Jun 15, 2022",G Shopping,285.349422,578.9
"Jun 14, 2022",Discovery,1201.101808,1132.8
"Jun 14, 2022",Search,858.520622,593.7
"Jun 14, 2022",GDN Non-Smart Display,444.586842,0
"Jun 14, 2022",YouTube,196.717868,0
"Jun 14, 2022",G Shopping,283.083873,569.2
"Jun 14, 2022",Facebook,0,749.2
"Jun 14, 2022",App Install,4410.505374,0
"Jun 13, 2022",Discovery,1270.561386,1362.7
"Jun 13, 2022",GDN Non-Smart Display,367.360138,144.6
"Jun 13, 2022",Search,1053.552946,2910.4
"Jun 13, 2022",YouTube,98.016165,0
"Jun 13, 2022",App Install,4276.121618,0
"Jun 13, 2022",G Shopping,220.899763,848.4
"Jun 12, 2022",Discovery,1126.087342,249.3
"Jun 12, 2022",GDN Non-Smart Display,635.130361,0
"Jun 12, 2022",Search,1016.138841,2820.2
"Jun 12, 2022",G Shopping,218.808005,2126.9
"Jun 12, 2022",App Install,4144.4562,0
"Jun 11, 2022",Discovery,949.989994,319.6
"Jun 11, 2022",Search,954.581581,3401.2
"Jun 11, 2022",GDN Non-Smart Display,532.277199,189.4
"Jun 11, 2022",App Install,4233.899119,0
"Jun 11, 2022",Facebook,0,654
"Jun 11, 2022",G Shopping,234.852566,1013
"Jun 10, 2022",GDN Non-Smart Display,604.854713,0
"Jun 10, 2022",Discovery,1209.40603,194.7
"Jun 10, 2022",Search,874.36414,1666.5
"Jun 10, 2022",G Shopping,182.978259,2866.1
"Jun 10, 2022",App Install,4297.741197,0
"Jun 10, 2022",Facebook,0,179.8
"Jun 9, 2022",Search,866.087434,2022.3
"Jun 9, 2022",GDN Non-Smart Display,779.603438,199.6
"Jun 9, 2022",Discovery,1036.491994,109.7
"Jun 9, 2022",G Shopping,202.876632,589.3
"Jun 9, 2022",App Install,4293.769434,0
"Jun 9, 2022",Facebook,0,239.6
"Jun 8, 2022",GDN Non-Smart Display,674.168824,359.1
"Jun 8, 2022",Search,868.458033,2675.4
"Jun 8, 2022",Discovery,1079.080263,0
"Jun 8, 2022",G Shopping,97.953031,1198.7
"Jun 8, 2022",Facebook,0,349.1
"Jun 8, 2022",App Install,4347.617431,0
"Jun 7, 2022",GDN Non-Smart Display,712.919841,674.1
"Jun 7, 2022",Discovery,974.918384,44.8
"Jun 7, 2022",Search,855.913462,1826.4
"Jun 7, 2022",App Install,4393.761127,0
"Jun 7, 2022",Facebook,0,519.1
"Jun 7, 2022",G Shopping,132.889659,439.2
"Jun 6, 2022",Search,867.789177,4183.4
"Jun 6, 2022",GDN Non-Smart Display,639.003999,539.1
"Jun 6, 2022",Discovery,633.318618,618.8
"Jun 6, 2022",App Install,4396.341015,0
"Jun 6, 2022",G Shopping,180.518871,1302.4
"Jun 5, 2022",Discovery,639.767154,159.7
"Jun 5, 2022",GDN Non-Smart Display,793.835712,0
"Jun 5, 2022",Search,933.969157,1867.9
"Jun 5, 2022",App Install,4181.461788,0
"Jun 5, 2022",G Shopping,200.213405,489.3
"Jun 4, 2022",Search,868.76028,1725.4
"Jun 4, 2022",Discovery,549.380111,0
"Jun 4, 2022",GDN Non-Smart Display,628.560553,0
"Jun 4, 2022",G Shopping,159.735712,1183.2
"Jun 4, 2022",Facebook,0,229.8
"Jun 4, 2022",App Install,4165.395724,0
"Jun 3, 2022",Discovery,764.181684,219.6
"Jun 3, 2022",Search,791.752878,2101.8
"Jun 3, 2022",GDN Non-Smart Display,625.33553,678.6
"Jun 3, 2022",Facebook,0,339.5
"Jun 3, 2022",App Install,4252.456776,0
"Jun 3, 2022",G Shopping,202.93659,179.8
"Jun 2, 2022",Search,785.242644,1157.9
"Jun 2, 2022",Discovery,946.833552,0
"Jun 2, 2022",App Install,4491.673255,0
"Jun 2, 2022",GDN Non-Smart Display,641.844599,0
"Jun 2, 2022",Facebook,0,618.9
"Jun 2, 2022",G Shopping,214.511276,524.1
"Jun 1, 2022",Discovery,970.703354,494.1
"Jun 1, 2022",Search,159.61528,1542
"Jun 1, 2022",GDN Non-Smart Display,615.716419,209.8
"Jun 1, 2022",App Install,4489.954644,0
"Jun 1, 2022",Facebook,0,419.3
"Jun 1, 2022",G Shopping,2.870956,509.3
"May 31, 2022",Discovery,948.796911,0
"May 31, 2022",Search,1837.689345,1952
"May 31, 2022",Facebook,0,2451.3
"May 31, 2022",GDN Non-Smart Display,431.323338,0
"May 31, 2022",Performance Max,48.69175,0
"May 31, 2022",App Install,4171.754289,0
"May 31, 2022",G Shopping,608.14451,963.7
"May 30, 2022",Discovery,1035.945595,159.8
"May 30, 2022",GDN Non-Smart Display,163.146566,0
"May 30, 2022",Search,1542.259771,3265.1
"May 30, 2022",Facebook,0,818.8
"May 30, 2022",G Shopping,542.060508,229.6
"May 30, 2022",App Install,4295.787043,0
"May 30, 2022",Performance Max,86.222669,0
"May 29, 2022",Search,1647.81615,2961.5
"May 29, 2022",GDN Non-Smart Display,147.02607,0
"May 29, 2022",Performance Max,56.460622,0
"May 29, 2022",Discovery,518.624171,0
"May 29, 2022",Facebook,0,569.3
"May 29, 2022",App Install,4295.188138,0
"May 29, 2022",G Shopping,766.80739,2830.6
"May 28, 2022",Search,1308.293718,2635.7
"May 28, 2022",GDN Non-Smart Display,204.356447,0
"May 28, 2022",Discovery,496.165086,0
"May 28, 2022",App Install,4220.93983,0
"May 28, 2022",Facebook,0,879.5
"May 28, 2022",Performance Max,92.594785,0
"May 28, 2022",G Shopping,678.518692,1452.6
"May 27, 2022",Discovery,584.338165,1258.9
"May 27, 2022",Search,1010.585932,4373.2
"May 27, 2022",GDN Non-Smart Display,244.672585,0
"May 27, 2022",Facebook,0,913.7
"May 27, 2022",Performance Max,62.994028,0
"May 27, 2022",App Install,4151.612449,0
"May 27, 2022",G Shopping,593.186489,1278.3
"May 26, 2022",Search,1114.65,5627.1
"May 26, 2022",Discovery,633.043486,0
"May 26, 2022",Performance Max,59.294699,0
"May 26, 2022",GDN Non-Smart Display,260.468156,0
"May 26, 2022",Facebook,0,159.8
"May 26, 2022",G Shopping,643.948369,389.6
"May 26, 2022",App Install,4167.228428,0
"May 25, 2022",Facebook,0,239.7
"May 25, 2022",Discovery,994.276556,359.1
"May 25, 2022",GDN Non-Smart Display,228.468475,99.6
"May 25, 2022",Search,24.15,1931.2
"May 25, 2022",G Shopping,569.647721,1517.2
"May 25, 2022",Performance Max,76.31831,0
"May 25, 2022",App Install,4147.204076,0
"May 25, 2022",YouTube,0,159.6
"May 24, 2022",Discovery,1078.797022,679.1
"May 24, 2022",GDN Non-Smart Display,394.81056,267.6
"May 24, 2022",Search,173.532288,933.4
"May 24, 2022",App Install,4254.734652,0
"May 24, 2022",G Shopping,615.487475,1586.6
"May 24, 2022",Performance Max,93.225518,0
"May 24, 2022",Facebook,0,504.1
"May 23, 2022",Performance Max,131.681892,0
"May 23, 2022",Search,909.991697,2550.2
"May 23, 2022",GDN Non-Smart Display,538.734564,0
"May 23, 2022",Discovery,877.051319,0
"May 23, 2022",G Shopping,1021.875345,1677.1
"May 23, 2022",Facebook,0,618.9
"May 23, 2022",App Install,4126.483731,0
"May 22, 2022",GDN Non-Smart Display,878.571032,759.1
"May 22, 2022",Discovery,648.177217,0
"May 22, 2022",Search,1145.080677,4326.1
"May 22, 2022",G Shopping,868.553774,1357.6
"May 22, 2022",Performance Max,65.575508,0
"May 22, 2022",Facebook,0,99.9
"May 22, 2022",App Install,4301.083856,0
"May 21, 2022",Performance Max,210.47881,0
"May 21, 2022",Discovery,525.58079,159.8
"May 21, 2022",Search,1035.492445,2621.7
"May 21, 2022",GDN Non-Smart Display,816.779761,0
"May 21, 2022",Facebook,0,119.8
"May 21, 2022",G Shopping,522.159429,754
"May 21, 2022",App Install,4110.318311,0
"May 20, 2022",Search,1149.656297,2597.6
"May 20, 2022",App Install,4048.91147,0
"May 20, 2022",GDN Non-Smart Display,766.382933,0
"May 20, 2022",Discovery,707.545855,484.3
"May 20, 2022",G Shopping,619.888044,419.4
"May 20, 2022",Performance Max,111.400547,159.8
"May 19, 2022",Search,1200.462393,1602.5
"May 19, 2022",GDN Non-Smart Display,389.569724,0
"May 19, 2022",Discovery,763.171311,0
"May 19, 2022",Facebook,0,878.5
"May 19, 2022",App Install,4148.260637,0
"May 19, 2022",Performance Max,156.233452,0
"May 19, 2022",G Shopping,490.949299,1779.9
"May 18, 2022",GDN Non-Smart Display,517.672507,159.8
"May 18, 2022",Search,1105.254272,768.6
"May 18, 2022",Discovery,650.965018,229.8
"May 18, 2022",Facebook,0,199.7
"May 18, 2022",Performance Max,84.508049,0
"May 18, 2022",App Install,4189.28343,0
"May 18, 2022",G Shopping,626.8262,1472.9
"May 17, 2022",Search,1323.784572,4952
"May 17, 2022",Discovery,569.237192,199.8
"May 17, 2022",GDN Non-Smart Display,498.372214,909.2
"May 17, 2022",Facebook,0,838.1
"May 17, 2022",Performance Max,117.861838,0
"May 17, 2022",App Install,4131.333744,0
"May 17, 2022",G Shopping,732.724017,818.1
"May 16, 2022",GDN Non-Smart Display,491.866041,589.3
"May 16, 2022",Search,1321.981065,3415.6
"May 16, 2022",G Shopping,573.609472,3343
"May 16, 2022",Facebook,0,204.5
"May 16, 2022",Discovery,417.054927,259.6
"May 16, 2022",App Install,4314.933639,0
"May 16, 2022",Performance Max,45.133049,0
"May 15, 2022",Search,1008.959442,4721.6
"May 15, 2022",Facebook,0,2341.4
"May 15, 2022",GDN Non-Smart Display,801.818208,589.2
"May 15, 2022",App Install,4228.24486,0
"May 15, 2022",Discovery,532.729546,0
"May 15, 2022",Performance Max,75.853126,0
"May 15, 2022",G Shopping,870.516599,943.4
"May 14, 2022",Discovery,621.006825,0
"May 14, 2022",Search,860.932849,3104.5
"May 14, 2022",GDN Non-Smart Display,586.752655,0
"May 14, 2022",G Shopping,651.176771,1482.9
"May 14, 2022",Facebook,0,1287.9
"May 14, 2022",Performance Max,100.119638,0
"May 14, 2022",App Install,4070.887047,0
"May 13, 2022",GDN Non-Smart Display,645.14292,1458.9
"May 13, 2022",Search,769.105209,3620.6
"May 13, 2022",Discovery,734.339306,159.5
"May 13, 2022",G Shopping,158.359085,1028.4
"May 13, 2022",Performance Max,191.659178,159.8
"May 13, 2022",Facebook,0,219.5
"May 13, 2022",App Install,4200.992357,0
"May 12, 2022",Discovery,689.819918,199.8
"May 12, 2022",Search,719.010116,1612.1
"May 12, 2022",Performance Max,83.109173,0
"May 12, 2022",Facebook,0,519.1
"May 12, 2022",GDN Non-Smart Display,750.042409,0
"May 12, 2022",G Shopping,617.282389,1705.7
"May 12, 2022",App Install,4173.746075,0
"May 11, 2022",Search,641.182502,5717.9
"May 11, 2022",Discovery,847.533014,0
"May 11, 2022",GDN Non-Smart Display,827.538761,3122.8
"May 11, 2022",Facebook,0,179.7
"May 11, 2022",G Shopping,597.134648,908.2
"May 11, 2022",Performance Max,150.272814,0
"May 11, 2022",App Install,4352.125347,0
"May 10, 2022",Performance Max,127.022814,0
"May 10, 2022",Search,613.831254,4375.8
"May 10, 2022",GDN Non-Smart Display,457.868559,0
"May 10, 2022",Discovery,836.984776,0
"May 10, 2022",Facebook,0,1852.6
"May 10, 2022",G Shopping,611.609501,2770.9
"May 10, 2022",App Install,4069.563814,0
"May 9, 2022",Search,831.896449,8719.3
"May 9, 2022",G Shopping,640.188224,1622.7
"May 9, 2022",GDN Non-Smart Display,450.367909,633.7
"May 9, 2022",Facebook,0,1452.4
"May 9, 2022",Discovery,747.897489,209.8
"May 9, 2022",App Install,4107.103144,0
"May 9, 2022",Performance Max,151.776639,0
"May 8, 2022",Search,961.996426,6494.6
"May 8, 2022",GDN Non-Smart Display,328.78561,0
"May 8, 2022",Discovery,685.810926,0
"May 8, 2022",Performance Max,159.050001,0
"May 8, 2022",Facebook,0,649.3
"May 8, 2022",App Install,4134.993886,0
"May 8, 2022",G Shopping,654.677248,1612.7
"May 8, 2022",YouTube,256.348489,0
"May 7, 2022",Search,1036.845156,6101
"May 7, 2022",Discovery,683.811587,0
"May 7, 2022",Facebook,0,1262.8
"May 7, 2022",Performance Max,111.324119,0
"May 7, 2022",GDN Non-Smart Display,336.182423,179.7
"May 7, 2022",App Install,4117.938863,0
"May 7, 2022",YouTube,254.314725,0
"May 7, 2022",G Shopping,525.754021,1572.9
"May 6, 2022",Discovery,837.8668,139.8
"May 6, 2022",Search,1077.163453,11436.4
"May 6, 2022",GDN Non-Smart Display,401.869108,159.6
"May 6, 2022",YouTube,262.960085,0
"May 6, 2022",Facebook,0,1627.8
"May 6, 2022",G Shopping,639.040434,1268.1
"May 6, 2022",App Install,4098.910089,0
"May 6, 2022",Performance Max,133.215773,0
"May 5, 2022",Search,1006.760363,9579.5
"May 5, 2022",GDN Non-Smart Display,585.273068,0
"May 5, 2022",Discovery,934.72414,159.8
"May 5, 2022",Performance Max,431.370987,0
"May 5, 2022",YouTube,260.335215,0
"May 5, 2022",Facebook,0,1158.2
"May 5, 2022",G Shopping,598.218504,2146.7
"May 5, 2022",App Install,4109.442019,0
"May 4, 2022",Search,936.291422,7547.6
"May 4, 2022",Discovery,726.850979,159.7
"May 4, 2022",Performance Max,292.415894,847.7
"May 4, 2022",Facebook,0,2390.8
"May 4, 2022",App Install,5464.876721,0
"May 4, 2022",GDN Non-Smart Display,531.175484,0
"May 4, 2022",YouTube,279.885256,0
"May 4, 2022",G Shopping,608.014187,699.2
"May 3, 2022",Search,767.816432,9911.4
"May 3, 2022",Facebook,0,913.3
"May 3, 2022",YouTube,260.944172,0
"May 3, 2022",Discovery,670.934,0
"May 3, 2022",GDN Non-Smart Display,75.127545,204.4
"May 3, 2022",Performance Max,163.871224,0
"May 3, 2022",App Install,3940.276923,0
"May 3, 2022",G Shopping,733.756757,1492.9
"May 2, 2022",Discovery,576.738611,0
"May 2, 2022",Search,669.893185,8150.1
"May 2, 2022",Facebook,0,1112.9
"May 2, 2022",YouTube,283.751568,0
"May 2, 2022",G Shopping,497.394654,858.2
"May 2, 2022",App Install,2562.946971,0
"May 2, 2022",Performance Max,33.74149,0
"May 1, 2022",Discovery,308.557585,519.2
"May 1, 2022",Search,758.583243,8133.5
"May 1, 2022",YouTube,1054.553742,0
"May 1, 2022",App Install,4051.523206,0
"May 1, 2022",G Shopping,581.988413,808
"Apr 30, 2022",GDN Non-Smart Display,50.85149,0
"Apr 30, 2022",Search,917.524817,12512
"Apr 30, 2022",Discovery,553.574466,179.8
"Apr 30, 2022",Facebook,0,1498
"Apr 30, 2022",YouTube,1134.218907,0
"Apr 30, 2022",App Install,4179.072045,0
"Apr 30, 2022",Performance Max,272.242794,0
"Apr 30, 2022",G Shopping,765.40287,1130.7
"Apr 29, 2022",Facebook,0,1382.5
"Apr 29, 2022",Search,880.109746,12899.7
"Apr 29, 2022",Discovery,601.532399,0
"Apr 29, 2022",YouTube,1195.130878,0
"Apr 29, 2022",Performance Max,362.121394,0
"Apr 29, 2022",G Shopping,839.040449,379.4
"Apr 29, 2022",App Install,3993.61629,0
"Apr 29, 2022",GDN Non-Smart Display,48.623805,693.9
"Apr 28, 2022",Search,978.221927,9714.2
"Apr 28, 2022",App Install,4614.588486,0
"Apr 28, 2022",Discovery,887.218015,159.8
"Apr 28, 2022",YouTube,1379.879097,0
"Apr 28, 2022",GDN Non-Smart Display,72.71651,699.3
"Apr 28, 2022",Performance Max,380.621026,0
"Apr 28, 2022",Facebook,0,663.6
"Apr 28, 2022",G Shopping,748.342496,2341.1
"Apr 27, 2022",YouTube,1329.942101,0
"Apr 27, 2022",Performance Max,305.370402,0
"Apr 27, 2022",Discovery,704.257643,229.5
"Apr 27, 2022",Facebook,0,2970.1
"Apr 27, 2022",Search,927.2558,9160.9
"Apr 27, 2022",G Shopping,695.174053,1907.7
"Apr 27, 2022",GDN Non-Smart Display,59.340787,0
"Apr 27, 2022",App Install,4639.569172,0
"Apr 26, 2022",GDN Non-Smart Display,54.547539,0
"Apr 26, 2022",Discovery,773.24702,199.6
"Apr 26, 2022",Search,1002.645616,16403.5
"Apr 26, 2022",YouTube,1451.672895,0
"Apr 26, 2022",G Shopping,681.345605,2103.6
"Apr 26, 2022",Facebook,0,1956.9
"Apr 26, 2022",Performance Max,444.263704,0
"Apr 26, 2022",App Install,4193.497357,0
"Apr 25, 2022",Search,1010.01997,24605.9
"Apr 25, 2022",App Install,4673.955256,0
"Apr 25, 2022",Discovery,927.201692,99.8
"Apr 25, 2022",YouTube,1215.0257,409.3
"Apr 25, 2022",GDN Non-Smart Display,79.55654,404.4
"Apr 25, 2022",Facebook,0,648.9
"Apr 25, 2022",Performance Max,465.231046,0
"Apr 25, 2022",G Shopping,772.932244,2156
"Apr 24, 2022",Search,1096.452823,13181.9
"Apr 24, 2022",G Shopping,788.551691,2861.4
"Apr 24, 2022",Discovery,1081.632106,0
"Apr 24, 2022",GDN Non-Smart Display,142.316939,159.8
"Apr 24, 2022",YouTube,1342.836894,0
"Apr 24, 2022",Performance Max,456.696781,0
"Apr 24, 2022",Facebook,0,399.1
"Apr 24, 2022",App Install,4730.728975,0
"Apr 23, 2022",YouTube,1418.014787,0
"Apr 23, 2022",G Shopping,810.859807,704.1
"Apr 23, 2022",GDN Non-Smart Display,198.246555,144.8
"Apr 23, 2022",Search,1028.920318,12062.8
"Apr 23, 2022",App Install,4970.269009,0
"Apr 23, 2022",Facebook,0,1003.3
"Apr 23, 2022",Discovery,828.785444,0
"Apr 23, 2022",Performance Max,279.300783,189.5
"Apr 22, 2022",YouTube,1485.222628,0
"Apr 22, 2022",Discovery,560.741578,184.7
"Apr 22, 2022",Search,858.286274,17810.5
"Apr 22, 2022",App Install,3989.113727,0
"Apr 22, 2022",Performance Max,436.59483,0
"Apr 22, 2022",G Shopping,821.381672,1857.8
"Apr 22, 2022",Facebook,0,149.9
"Apr 22, 2022",GDN Non-Smart Display,39.486516,1928.7
"Apr 21, 2022",Discovery,398.656573,579.3
"Apr 21, 2022",YouTube,1385.40528,0
"Apr 21, 2022",Search,1067.26737,12465.9
"Apr 21, 2022",Performance Max,385.412201,0
"Apr 21, 2022",G Shopping,749.802419,2256.9
"Apr 21, 2022",GDN Non-Smart Display,169.980669,0
"Apr 21, 2022",Facebook,0,808.2
"Apr 21, 2022",App Install,4621.182564,0
"Apr 20, 2022",GDN Non-Smart Display,173.189961,1336.2
"Apr 20, 2022",YouTube,1214.043259,0
"Apr 20, 2022",Discovery,465.347223,199.9
"Apr 20, 2022",Search,1120.801053,9559.6
"Apr 20, 2022",App Install,5098.909545,0
"Apr 20, 2022",Performance Max,520.891866,0
"Apr 20, 2022",Facebook,0,544.1
"Apr 20, 2022",G Shopping,757.47285,1802
"Apr 19, 2022",Search,1139.223909,15589.5
"Apr 19, 2022",YouTube,1226.064196,0
"Apr 19, 2022",Discovery,411.264511,119.7
"Apr 19, 2022",Facebook,0,639.5
"Apr 19, 2022",GDN Non-Smart Display,130.869042,59.8
"Apr 19, 2022",Performance Max,343.860337,0
"Apr 19, 2022",G Shopping,795.558174,1657.6
"Apr 19, 2022",App Install,4629.319399,0
"Apr 18, 2022",Search,1257.459635,8532.4
"Apr 18, 2022",Discovery,495.989673,244.8
"Apr 18, 2022",YouTube,870.108869,0
"Apr 18, 2022",GDN Non-Smart Display,196.873794,528.5
"Apr 18, 2022",G Shopping,726.229584,1433.1
"Apr 18, 2022",App Install,3869.732037,0
"Apr 18, 2022",Performance Max,361.4147,0
"Apr 18, 2022",Facebook,0,504
"Apr 17, 2022",Search,1434.000938,12622.8
"Apr 17, 2022",Discovery,408.293765,0
"Apr 17, 2022",YouTube,623.096635,0
"Apr 17, 2022",Facebook,0,709
"Apr 17, 2022",GDN Non-Smart Display,343.037706,699.2
"Apr 17, 2022",Performance Max,370.710546,0
"Apr 17, 2022",App Install,4454.261316,0
"Apr 17, 2022",G Shopping,763.795593,2312.2
"Apr 16, 2022",Performance Max,407.50988,0
"Apr 16, 2022",Facebook,0,734.3
"Apr 16, 2022",Search,1361.570324,8419.7
"Apr 16, 2022",GDN Non-Smart Display,589.756224,0
"Apr 16, 2022",Discovery,397.060449,389.3
"Apr 16, 2022",App Install,4454.331947,0
"Apr 16, 2022",YouTube,624.738282,0
"Apr 16, 2022",G Shopping,1061.210957,1152.9
"Apr 15, 2022",Search,1127.949382,9424.4
"Apr 15, 2022",GDN Non-Smart Display,565.60045,0
"Apr 15, 2022",Discovery,567.798242,399.6
"Apr 15, 2022",App Install,4507.521804,0
"Apr 15, 2022",G Shopping,869.19595,808.5
"Apr 15, 2022",YouTube,377.42741,0
"Apr 15, 2022",Performance Max,361.532468,0
"Apr 14, 2022",Performance Max,384.37285,0
"Apr 14, 2022",Search,1321.032353,11124.5
"Apr 14, 2022",Discovery,488.912295,0
"Apr 14, 2022",GDN Non-Smart Display,504.180866,0
"Apr 14, 2022",YouTube,382.720425,0
"Apr 14, 2022",G Shopping,574.862306,1322.5
"Apr 14, 2022",App Install,4454.609388,0
"Apr 13, 2022",Search,1242.958997,10117.7
"Apr 13, 2022",GDN Non-Smart Display,568.784578,249.5
"Apr 13, 2022",Performance Max,208.681101,0
"Apr 13, 2022",Discovery,670.821369,259.8
"Apr 13, 2022",YouTube,379.382653,0
"Apr 13, 2022",App Install,4598.941692,0
"Apr 13, 2022",Facebook,0,794
"Apr 13, 2022",G Shopping,658.3519,434
"Apr 12, 2022",Search,1448.168355,9439.3
"Apr 12, 2022",Discovery,566.504281,119.9
"Apr 12, 2022",GDN Non-Smart Display,508.50159,0
"Apr 12, 2022",YouTube,401.469561,0
"Apr 12, 2022",Facebook,0,539.5
"Apr 12, 2022",G Shopping,719.244316,704
"Apr 12, 2022",Performance Max,123.543851,0
"Apr 12, 2022",App Install,4131.115849,0
"Apr 11, 2022",Search,1478.921719,9627.1
"Apr 11, 2022",GDN Non-Smart Display,230.788444,0
"Apr 11, 2022",Discovery,146.91371,0
"Apr 11, 2022",Performance Max,103.506618,0
"Apr 11, 2022",YouTube,2.432193,0
"Apr 11, 2022",Facebook,0,139.8
"Apr 11, 2022",App Install,3697.731866,0
"Apr 11, 2022",G Shopping,646.68083,1238
"Apr 10, 2022",Search,1496.432546,15734.8
"Apr 10, 2022",Discovery,339.466744,0
"Apr 10, 2022",App Install,3661.695988,0
"Apr 10, 2022",GDN Non-Smart Display,148.639494,498.8
"Apr 10, 2022",Performance Max,112.662053,0
"Apr 10, 2022",Facebook,0,529.4
"Apr 10, 2022",G Shopping,815.855166,958.5
"Apr 9, 2022",Discovery,274.685981,0
"Apr 9, 2022",Search,1281.419108,12516.4
"Apr 9, 2022",GDN Non-Smart Display,131.152968,0
"Apr 9, 2022",YouTube,147.378277,0
"Apr 9, 2022",App Install,3875.171329,0
"Apr 9, 2022",Performance Max,114.253729,0
"Apr 9, 2022",G Shopping,624.804157,579.3
"Apr 9, 2022",Facebook,0,179.7
"Apr 8, 2022",Search,1160.230357,9419.8
"Apr 8, 2022",G Shopping,715.019624,359.3
"Apr 8, 2022",Performance Max,74.636649,159.8
"Apr 8, 2022",GDN Non-Smart Display,149.041588,0
"Apr 8, 2022",Facebook,0,249.7
"Apr 8, 2022",YouTube,154.157836,0
"Apr 8, 2022",App Install,3386.716332,0
"Apr 8, 2022",Discovery,151.782617,239.7
"Apr 7, 2022",Search,1244.275903,9654
"Apr 7, 2022",App Install,4164.333113,0
"Apr 7, 2022",Performance Max,88.493507,0
"Apr 7, 2022",GDN Non-Smart Display,156.790932,599.5
"Apr 7, 2022",Discovery,160.134417,968.2
"Apr 7, 2022",Facebook,0,494.4
"Apr 7, 2022",YouTube,153.496045,0
"Apr 7, 2022",G Shopping,673.819468,1637.9
"Apr 6, 2022",Search,950.72423,9385.6
"Apr 6, 2022",Performance Max,100.653306,0
"Apr 6, 2022",App Install,5432.447117,0
"Apr 6, 2022",G Shopping,873.208424,1618.3
"Apr 6, 2022",Facebook,0,229.4
"Apr 6, 2022",GDN Non-Smart Display,158.496542,379.6
"Apr 6, 2022",Discovery,216.580977,259.8
"Apr 6, 2022",YouTube,153.843523,0
"Apr 5, 2022",Discovery,218.095202,119.9
"Apr 5, 2022",Facebook,0,639.4
"Apr 5, 2022",GDN Non-Smart Display,169.951144,0
"Apr 5, 2022",Search,1038.449033,15420.7
"Apr 5, 2022",G Shopping,828.326212,971
"Apr 5, 2022",YouTube,341.191348,0
"Apr 5, 2022",Performance Max,116.932267,289.7
"Apr 5, 2022",App Install,2677.245666,0
"Apr 4, 2022",Search,1123.246383,10376
"Apr 4, 2022",YouTube,341.238569,0
"Apr 4, 2022",Discovery,223.564916,0
"Apr 4, 2022",Facebook,0,419.2
"Apr 4, 2022",GDN Non-Smart Display,130.775899,0
"Apr 4, 2022",Performance Max,37.96078,0
"Apr 4, 2022",G Shopping,897.484353,1413.2
"Apr 4, 2022",App Install,2544.803872,0
"Apr 3, 2022",Search,1273.224686,10111.6
"Apr 3, 2022",YouTube,661.658579,0
"Apr 3, 2022",GDN Non-Smart Display,298.086653,159.8
"Apr 3, 2022",Discovery,324.286657,0
"Apr 3, 2022",Performance Max,115.205354,0
"Apr 3, 2022",Facebook,0,389.4
"Apr 3, 2022",G Shopping,779.001953,1121.1
"Apr 3, 2022",App Install,3550.366081,0
"Apr 2, 2022",Search,1201.053176,5745.4
"Apr 2, 2022",GDN Non-Smart Display,282.595652,159.8
"Apr 2, 2022",Facebook,0,499.2
"Apr 2, 2022",YouTube,661.694279,0
"Apr 2, 2022",Performance Max,1.774874,0
"Apr 2, 2022",Discovery,293.655982,509.5
"Apr 2, 2022",G Shopping,625.211236,1604.2
"Apr 2, 2022",App Install,3485.773203,0
"Apr 1, 2022",Search,1368.840383,8374.3
"Apr 1, 2022",G Shopping,147.291479,1138.9
"Apr 1, 2022",YouTube,663.099012,0
"Apr 1, 2022",GDN Non-Smart Display,320.569934,199.9
"Apr 1, 2022",Discovery,350.3973,0
"Apr 1, 2022",Facebook,0,669.1
"Apr 1, 2022",App Install,3599.754481,0
"Mar 31, 2022",Discovery,345.257656,589.4
"Mar 31, 2022",Search,1440.510185,10021.6
"Mar 31, 2022",YouTube,712.748669,0
"Mar 31, 2022",GDN Non-Smart Display,218.477743,1058.9
"Mar 31, 2022",Performance Max,176.928436,0
"Mar 31, 2022",Facebook,0,119.8
"Mar 31, 2022",G Shopping,90.34254,409
"Mar 31, 2022",App Install,5445.430556,0
"Mar 30, 2022",YouTube,641.468066,0
"Mar 30, 2022",Search,1616.409659,6620.3
"Mar 30, 2022",Discovery,376.955263,109.8
"Mar 30, 2022",GDN Non-Smart Display,289.265812,279.4
"Mar 30, 2022",Performance Max,101.648659,0
"Mar 30, 2022",G Shopping,92.080032,1121.8
"Mar 30, 2022",Facebook,0,943.8
"Mar 30, 2022",App Install,3809.682202,0
"Mar 29, 2022",Search,1779.231549,8830.5
"Mar 29, 2022",Facebook,0,1367.6
"Mar 29, 2022",Discovery,323.201878,319.5
"Mar 29, 2022",G Shopping,109.284175,518.7
"Mar 29, 2022",GDN Non-Smart Display,322.248264,584.2
"Mar 29, 2022",YouTube,637.563367,0
"Mar 29, 2022",Performance Max,90.239192,0
"Mar 29, 2022",App Install,3780.44913,0
"Mar 28, 2022",Search,1910.694075,7061.9
"Mar 28, 2022",GDN Non-Smart Display,326.749656,0
"Mar 28, 2022",Discovery,171.990997,239.6
"Mar 28, 2022",YouTube,484.097085,0
"Mar 28, 2022",Facebook,0,1752.3
"Mar 28, 2022",Performance Max,123.640528,0
"Mar 28, 2022",G Shopping,111.662469,669.3
"Mar 28, 2022",App Install,3757.175673,0
"Mar 27, 2022",Search,1996.403442,9579.9
"Mar 27, 2022",Discovery,280.227744,0
"Mar 27, 2022",YouTube,482.287687,0
"Mar 27, 2022",GDN Non-Smart Display,331.51049,0
"Mar 27, 2022",Facebook,0,24.9
"Mar 27, 2022",App Install,3748.932356,0
"Mar 27, 2022",Performance Max,137.761674,0
"Mar 27, 2022",G Shopping,88.821116,808.4
"Mar 26, 2022",Search,1849.604434,9545.6
"Mar 26, 2022",GDN Non-Smart Display,232.037086,0
"Mar 26, 2022",YouTube,480.872053,0
"Mar 26, 2022",Discovery,270.759818,614.3
"Mar 26, 2022",Facebook,0,159.8
"Mar 26, 2022",App Install,3735.114522,0
"Mar 26, 2022",Performance Max,157.98598,0
"Mar 26, 2022",G Shopping,101.721655,528.6
"Mar 25, 2022",Search,1776.758625,9814
"Mar 25, 2022",GDN Non-Smart Display,333.252286,0
"Mar 25, 2022",Discovery,641.801448,282.1
"Mar 25, 2022",Performance Max,82.897259,0
"Mar 25, 2022",YouTube,390.088069,0
"Mar 25, 2022",G Shopping,74.567368,708.8
"Mar 25, 2022",Facebook,0,159.8
"Mar 25, 2022",App Install,3714.701154,0
"Mar 24, 2022",Search,1874.64,10808.6
"Mar 24, 2022",YouTube,391.003422,434.3
"Mar 24, 2022",App Install,3789.874425,0
"Mar 24, 2022",Discovery,845.458933,285.2
"Mar 24, 2022",GDN Non-Smart Display,490.010348,24.9
"Mar 24, 2022",Performance Max,66.745891,0
"Mar 24, 2022",Facebook,0,389.6
"Mar 24, 2022",G Shopping,107.262646,1588
"Mar 23, 2022",Search,1814.96,9431.4
"Mar 23, 2022",YouTube,221.526945,0
"Mar 23, 2022",Discovery,1131.058083,0
"Mar 23, 2022",Facebook,0,1997
"Mar 23, 2022",GDN Non-Smart Display,252.860981,0
"Mar 23, 2022",Performance Max,175.559464,0
"Mar 23, 2022",G Shopping,102.884009,1318.7
"Mar 23, 2022",App Install,3663.570507,0
"Mar 22, 2022",Search,1397.3,7794.2
"Mar 22, 2022",Performance Max,0.497995,0
"Mar 22, 2022",Discovery,1419.677983,0
"Mar 22, 2022",App Install,3928.70852,0
"Mar 22, 2022",G Shopping,91.512366,625
"Mar 22, 2022",GDN Non-Smart Display,188.763827,629.6
"Mar 22, 2022",YouTube,139.173535,0
"Mar 22, 2022",Facebook,0,956.3
"Mar 21, 2022",GDN Non-Smart Display,238.702354,0
"Mar 21, 2022",Search,1369.844281,9032.9
"Mar 21, 2022",Discovery,1236.244057,1258.3
"Mar 21, 2022",Facebook,0,664.4
"Mar 21, 2022",App Install,3567.794048,0
"Mar 21, 2022",G Shopping,98.760701,0
"Mar 21, 2022",YouTube,70.633998,0
"Mar 20, 2022",Search,460.547949,5520.8
"Mar 20, 2022",YouTube,711.129386,194.5
"Mar 20, 2022",Discovery,790.000562,0
"Mar 20, 2022",Facebook,0,639.4
"Mar 20, 2022",G Shopping,1531.40472,1311
"Mar 20, 2022",GDN Non-Smart Display,318.542164,0
"Mar 20, 2022",App Install,3690.937645,0
"Mar 19, 2022",Discovery,708.562863,0
"Mar 19, 2022",Search,451.66,5281.2
"Mar 19, 2022",YouTube,807.684701,0
"Mar 19, 2022",App Install,3678.256346,0
"Mar 19, 2022",G Shopping,1440.310355,1702.6
"Mar 19, 2022",Facebook,0,99.6
"Mar 19, 2022",GDN Non-Smart Display,400.873999,0
"Mar 18, 2022",Search,419.61,5041.4
"Mar 18, 2022",Facebook,0,1128.5
"Mar 18, 2022",GDN Non-Smart Display,487.937328,0
"Mar 18, 2022",Discovery,800.318704,99.8
"Mar 18, 2022",YouTube,610.802695,0
"Mar 18, 2022",G Shopping,1083.952626,2435.4
"Mar 18, 2022",App Install,4627.332921,0
"Mar 17, 2022",Search,412.93,4346.7
"Mar 17, 2022",YouTube,981.747874,0
"Mar 17, 2022",Discovery,439.572059,149.9
"Mar 17, 2022",Facebook,0,179.5
"Mar 17, 2022",App Install,4842.551033,0
"Mar 17, 2022",GDN Non-Smart Display,100.763535,0
"Mar 17, 2022",G Shopping,789.177943,3199.8
"Mar 16, 2022",YouTube,965.231744,0
"Mar 16, 2022",Discovery,275.154659,0
"Mar 16, 2022",Search,415.067034,9520.6
"Mar 16, 2022",GDN Non-Smart Display,0.579042,199.7
"Mar 16, 2022",G Shopping,1363.233026,149.7
"Mar 16, 2022",Facebook,0,159.7
"Mar 16, 2022",App Install,4958.742021,0
"Mar 15, 2022",YouTube,871.101622,0
"Mar 15, 2022",Search,508.146939,5420.3
"Mar 15, 2022",Discovery,243.851583,0
"Mar 15, 2022",App Install,4488.569555,0
"Mar 15, 2022",Facebook,0,729.3
"Mar 15, 2022",G Shopping,1550.569168,2544.9
"Mar 15, 2022",GDN Non-Smart Display,0,689.5
"Mar 14, 2022",YouTube,869.325711,0
"Mar 14, 2022",Facebook,0,868.2
"Mar 14, 2022",GDN Non-Smart Display,0,99.8
"Mar 14, 2022",Search,504.814539,2671.1
"Mar 14, 2022",G Shopping,1393.564879,2261.1
"Mar 14, 2022",Discovery,202.71106,299.4
"Mar 14, 2022",App Install,3412.939684,0
"Mar 13, 2022",Discovery,653.026561,319.6
"Mar 13, 2022",Search,521.666088,1734.6
"Mar 13, 2022",YouTube,749.651829,0
"Mar 13, 2022",Facebook,0,534.3
"Mar 13, 2022",GDN Non-Smart Display,177.047188,0
"Mar 13, 2022",G Shopping,1492.858009,2360.6
"Mar 13, 2022",App Install,4053.866466,0
"Mar 12, 2022",Discovery,537.704775,164.7
"Mar 12, 2022",Search,489.111178,2611.8
"Mar 12, 2022",YouTube,388.436996,0
"Mar 12, 2022",Facebook,0,728.5
"Mar 12, 2022",App Install,6255.678829,0
"Mar 12, 2022",GDN Non-Smart Display,120.096022,0
"Mar 12, 2022",G Shopping,1330.833274,1836.2
"Mar 11, 2022",Search,477.33,1812.2
"Mar 11, 2022",YouTube,387.556016,0
"Mar 11, 2022",GDN Non-Smart Display,180.517377,599
"Mar 11, 2022",Discovery,832.366289,0
"Mar 11, 2022",Facebook,0,139.7
"Mar 11, 2022",G Shopping,1487.840603,1253.3
"Mar 11, 2022",App Install,3876.089141,0
"Mar 10, 2022",YouTube,1075.753759,0
"Mar 10, 2022",Search,473.259131,3289.2
"Mar 10, 2022",Discovery,678.416778,79.8
"Mar 10, 2022",Facebook,0,533.6
"Mar 10, 2022",GDN Non-Smart Display,139.86769,209.8
"Mar 10, 2022",App Install,4715.408235,0
"Mar 10, 2022",G Shopping,1374.534219,1263
"Mar 9, 2022",Search,410.886705,2411.1
"Mar 9, 2022",YouTube,1173.286239,0
"Mar 9, 2022",Facebook,0,1098.6
"Mar 9, 2022",Discovery,650.944573,484.1
"Mar 9, 2022",App Install,1534.699111,0
"Mar 9, 2022",GDN Non-Smart Display,218.592664,0
"Mar 9, 2022",G Shopping,1237.438298,1091.2
"Mar 8, 2022",YouTube,807.123897,0
"Mar 8, 2022",Search,315.512316,2775
"Mar 8, 2022",Facebook,0,1008.5
"Mar 8, 2022",Discovery,782.850147,988.6
"Mar 8, 2022",G Shopping,1382.203894,349.6
"Mar 8, 2022",App Install,1147.242357,0
"Mar 8, 2022",GDN Non-Smart Display,148.178208,279.3
"Mar 7, 2022",GDN Non-Smart Display,162.530973,0
"Mar 7, 2022",YouTube,574.359906,0
"Mar 7, 2022",Discovery,822.716962,1013.6
"Mar 7, 2022",Search,422.57,3219.8
"Mar 7, 2022",Facebook,0,764
"Mar 7, 2022",G Shopping,1147.35047,1427.8
"Mar 7, 2022",App Install,1118.840059,0
"Mar 6, 2022",Discovery,554.842596,274.7
"Mar 6, 2022",YouTube,676.191607,339.5
"Mar 6, 2022",Search,447.885259,3558.9
"Mar 6, 2022",GDN Non-Smart Display,209.540439,0
"Mar 6, 2022",App Install,1885.239871,0
"Mar 6, 2022",Facebook,0,474.4
"Mar 6, 2022",Performance Max,84.435604,0
"Mar 6, 2022",G Shopping,1437.610455,659.1
"Mar 5, 2022",Discovery,457.954672,0
"Mar 5, 2022",Search,467.537347,1038.3
"Mar 5, 2022",YouTube,666.983646,144.8
"Mar 5, 2022",GDN Non-Smart Display,72.573339,0
"Mar 5, 2022",Facebook,0,229.8
"Mar 5, 2022",G Shopping,1225.76895,1747.3
"Mar 5, 2022",App Install,1049.760215,0
"Mar 5, 2022",Performance Max,105.072369,0
"Mar 4, 2022",Performance Max,48.318068,0
"Mar 4, 2022",Search,468.929093,9089.7
"Mar 4, 2022",YouTube,473.686913,0
"Mar 4, 2022",Facebook,0,624.2
"Mar 4, 2022",Discovery,569.509702,0
"Mar 4, 2022",App Install,903.098406,0
"Mar 4, 2022",G Shopping,1214.380117,1188.2
"Mar 3, 2022",Discovery,488.89919,139.7
"Mar 3, 2022",Search,448.946452,15631
"Mar 3, 2022",YouTube,261.424554,0
"Mar 3, 2022",Facebook,0,1608.5
"Mar 3, 2022",Performance Max,60.711977,0
"Mar 3, 2022",GDN Non-Smart Display,144.345972,883.9
"Mar 3, 2022",App Install,752.842344,0
"Mar 3, 2022",G Shopping,1388.562149,793.4
"Mar 2, 2022",YouTube,227.90742,0
"Mar 2, 2022",Facebook,0,1588.1
"Mar 2, 2022",Search,389.46,13238.4
"Mar 2, 2022",App Install,1141.928739,0
"Mar 2, 2022",Discovery,551.846775,429.2
"Mar 2, 2022",Performance Max,60.616448,0
"Mar 2, 2022",GDN Non-Smart Display,197.612504,0
"Mar 2, 2022",G Shopping,1456.74768,778.3
"Mar 1, 2022",Search,541.37,10872.6
"Mar 1, 2022",Facebook,0,459.2
"Mar 1, 2022",App Install,1147.511357,0
"Mar 1, 2022",YouTube,496.0321,0
"Mar 1, 2022",Discovery,528.859424,586.3
"Mar 1, 2022",GDN Non-Smart Display,106.31758,743.8
"Mar 1, 2022",G Shopping,1129.412856,1038.8
"Mar 1, 2022",Performance Max,70.319258,299.4
"Feb 28, 2022",Discovery,604.570868,1063.7
"Feb 28, 2022",Search,821.91,10922.2
"Feb 28, 2022",GDN Non-Smart Display,291.665642,0
"Feb 28, 2022",App Install,8113.712277,0
"Feb 28, 2022",Facebook,0,284.5
"Feb 28, 2022",YouTube,1373.637901,159.8
"Feb 28, 2022",Performance Max,94.615239,0
"Feb 28, 2022",G Shopping,1301.072187,1341.9
"Feb 27, 2022",Search,1021.72,15089.7
"Feb 27, 2022",GDN Non-Smart Display,822.088305,0
"Feb 27, 2022",App Install,8079.83886,0
"Feb 27, 2022",Discovery,1081.129007,214
"Feb 27, 2022",YouTube,2099.672675,0
"Feb 27, 2022",Facebook,0,1967.2
"Feb 27, 2022",Performance Max,103.992874,0
"Feb 27, 2022",G Shopping,1309.371754,1392.2
"Feb 26, 2022",YouTube,2147.486667,0
"Feb 26, 2022",Discovery,1800.893439,0
"Feb 26, 2022",Facebook,0,2666.2
"Feb 26, 2022",GDN Non-Smart Display,988.645317,149.9
"Feb 26, 2022",Performance Max,104.01879,0
"Feb 26, 2022",Search,1123.623284,10170.1
"Feb 26, 2022",App Install,8080.84132,0
"Feb 26, 2022",G Shopping,1461.557945,1028
"Feb 25, 2022",Search,1101.207462,8151.1
"Feb 25, 2022",Discovery,1942.27417,259.8
"Feb 25, 2022",YouTube,1594.759542,79.9
"Feb 25, 2022",GDN Non-Smart Display,1310.827628,179.7
"Feb 25, 2022",Facebook,0,1628.1
"Feb 25, 2022",App Install,8311.125713,0
"Feb 25, 2022",G Shopping,1257.75988,4304
"Feb 25, 2022",Performance Max,33.67088,0
"Feb 24, 2022",Discovery,1910.626388,229.1
"Feb 24, 2022",Search,1010.481678,8920.1
"Feb 24, 2022",YouTube,2008.267953,0
"Feb 24, 2022",G Shopping,1260.687353,1517.4
"Feb 24, 2022",Facebook,0,907.6
"Feb 24, 2022",GDN Non-Smart Display,739.795154,0
"Feb 24, 2022",App Install,7736.10775,0
"Feb 24, 2022",Performance Max,2.166917,0
"Feb 23, 2022",YouTube,1882.481286,299.6
"Feb 23, 2022",Discovery,1552.098782,239.7
"Feb 23, 2022",G Shopping,582.766804,1058.3
"Feb 23, 2022",Search,937.91,11040
"Feb 23, 2022",Facebook,0,1623.3
"Feb 23, 2022",GDN Non-Smart Display,742.194163,0
"Feb 23, 2022",App Install,8234.017008,0
"Feb 22, 2022",Facebook,0,294.3
"Feb 22, 2022",Search,954.31,10011.6
"Feb 22, 2022",Discovery,2026.810611,0
"Feb 22, 2022",YouTube,1370.045839,0
"Feb 22, 2022",GDN Non-Smart Display,709.019124,159.8
"Feb 22, 2022",App Install,7943.181826,0
"Feb 22, 2022",G Shopping,974.244937,803.8
"Feb 21, 2022",G Shopping,822.137348,2027.5
"Feb 21, 2022",Search,1401.14,3648.1
"Feb 21, 2022",YouTube,1365.862019,0
"Feb 21, 2022",Discovery,2671.740443,339.3
"Feb 21, 2022",Facebook,0,469.3
"Feb 21, 2022",App Install,7079.292308,0
"Feb 21, 2022",GDN Non-Smart Display,618.51677,0
"Feb 20, 2022",YouTube,2201.45702,0
"Feb 20, 2022",Search,1824.23,13090.8
"Feb 20, 2022",G Shopping,835.393391,2270.4
"Feb 20, 2022",Discovery,1364.985743,0
"Feb 20, 2022",Facebook,0,958.9
"Feb 20, 2022",GDN Non-Smart Display,216.206457,0
"Feb 20, 2022",Performance Max,89.115016,0
"Feb 20, 2022",App Install,7724.238101,0
"Feb 19, 2022",Search,1712.054652,19506.2
"Feb 19, 2022",YouTube,1940.132505,324.2
"Feb 19, 2022",Discovery,523.171653,0
"Feb 19, 2022",Facebook,0,569.1
"Feb 19, 2022",App Install,7894.237739,0
"Feb 19, 2022",GDN Non-Smart Display,144.650331,0
"Feb 19, 2022",G Shopping,741.283947,1741.7
"Feb 19, 2022",Performance Max,118.824351,0
"Feb 18, 2022",Performance Max,57.519661,0
"Feb 18, 2022",Search,1819.561386,16516.4
"Feb 18, 2022",Discovery,346.058713,0
"Feb 18, 2022",YouTube,1751.039655,329.7
"Feb 18, 2022",Facebook,0,633.8
"Feb 18, 2022",GDN Non-Smart Display,144.867391,0
"Feb 18, 2022",App Install,8042.237245,0
"Feb 18, 2022",G Shopping,777.160914,1069.7
"Feb 17, 2022",Search,1820.718682,8346
"Feb 17, 2022",Facebook,0,1477.9
"Feb 17, 2022",G Shopping,793.152915,618.7
"Feb 17, 2022",YouTube,1633.269849,259.8
"Feb 17, 2022",Discovery,358.349567,488.3
"Feb 17, 2022",App Install,7843.032893,0
"Feb 17, 2022",GDN Non-Smart Display,8.094092,0
"Feb 17, 2022",Performance Max,68.750344,0
"Feb 16, 2022",App Install,8054.503872,0
"Feb 16, 2022",Search,1852.082253,11716.1
"Feb 16, 2022",Facebook,0,713.7
"Feb 16, 2022",YouTube,1232.185309,0
"Feb 16, 2022",Discovery,157.011724,194.6
"Feb 16, 2022",Performance Max,49.252423,0
"Feb 16, 2022",G Shopping,1012.724746,289.5
"Feb 15, 2022",App Install,8184.589858,0
"Feb 15, 2022",Search,1693.645031,8544.2
"Feb 15, 2022",Facebook,0,424.5
"Feb 15, 2022",YouTube,1020.968154,0
"Feb 15, 2022",G Shopping,804.098608,978.5
"Feb 15, 2022",Discovery,312.044827,0
"Feb 15, 2022",Performance Max,71.294686,0
"Feb 14, 2022",Search,1642.61796,16972.1
"Feb 14, 2022",YouTube,954.84985,0
"Feb 14, 2022",Facebook,0,703.7
"Feb 14, 2022",G Shopping,715.380919,599.4
"Feb 14, 2022",Performance Max,37.528612,0
"Feb 14, 2022",Discovery,4.027069,0
"Feb 14, 2022",App Install,7390.657728,0
"Feb 13, 2022",G Shopping,905.369684,639.2
"Feb 13, 2022",Discovery,868.600994,0
"Feb 13, 2022",Search,1358.071462,10507
"Feb 13, 2022",Facebook,0,489
"Feb 13, 2022",YouTube,956.03303,0
"Feb 13, 2022",Performance Max,31.737479,0
"Feb 13, 2022",App Install,7733.520094,0
"Feb 12, 2022",Search,1106.359395,8532.4
"Feb 12, 2022",GDN Non-Smart Display,0,179.7
"Feb 12, 2022",App Install,7758.763159,0
"Feb 12, 2022",Discovery,976.73895,509.6
"Feb 12, 2022",Performance Max,36.533682,0
"Feb 12, 2022",YouTube,954.126824,0
"Feb 12, 2022",Facebook,0,159.8
"Feb 12, 2022",G Shopping,799.97533,1538.2
"Feb 11, 2022",Search,1004.44656,9169.6
"Feb 11, 2022",Discovery,830.407387,0
"Feb 11, 2022",G Shopping,831.268442,1257
"Feb 11, 2022",Facebook,0,942.4
"Feb 11, 2022",YouTube,406.628345,79.8
"Feb 11, 2022",Performance Max,319.508844,0
"Feb 11, 2022",App Install,7637.150179,0
"Feb 10, 2022",YouTube,384.887917,0
"Feb 10, 2022",Search,1004.204693,8325.6
"Feb 10, 2022",Facebook,0,751.8
"Feb 10, 2022",Performance Max,589.096178,154.5
"Feb 10, 2022",Discovery,805.555014,0
"Feb 10, 2022",G Shopping,830.950616,3558.8
"Feb 10, 2022",App Install,7647.203454,0
"Feb 9, 2022",Search,905.734087,8952.7
"Feb 9, 2022",GDN Non-Smart Display,0,384.6
"Feb 9, 2022",Facebook,0,878.8
"Feb 9, 2022",Performance Max,660.514501,0
"Feb 9, 2022",Discovery,1170.326429,179.7
"Feb 9, 2022",YouTube,384.272397,0
"Feb 9, 2022",App Install,7820.481323,0
"Feb 9, 2022",G Shopping,874.223117,1687
"Feb 8, 2022",Discovery,1941.064151,319.4
"Feb 8, 2022",Search,895.657233,9594.9
"Feb 8, 2022",G Shopping,747.246656,832.8
"Feb 8, 2022",Facebook,0,459.1
"Feb 8, 2022",GDN Non-Smart Display,0,174.5
"Feb 8, 2022",App Install,7700.230637,0
"Feb 8, 2022",YouTube,66.985565,0
"Feb 8, 2022",Performance Max,764.997511,0
"Feb 7, 2022",App Install,8044.411655,0
"Feb 7, 2022",Facebook,0,339.4
"Feb 7, 2022",Search,1216.304211,6542.2
"Feb 7, 2022",Discovery,1407.840666,179.5
"Feb 7, 2022",GDN Non-Smart Display,0,239.7
"Feb 7, 2022",Performance Max,539.236863,0
"Feb 7, 2022",G Shopping,849.765172,3191.2
"Feb 6, 2022",Search,1255.392203,8404.9
"Feb 6, 2022",YouTube,183.434699,99.9
"Feb 6, 2022",Discovery,2274.288339,69.8
"Feb 6, 2022",Facebook,0,559.2
"Feb 6, 2022",GDN Non-Smart Display,32.323904,79.9
"Feb 6, 2022",Performance Max,482.093643,0
"Feb 6, 2022",App Install,7973.26399,0
"Feb 6, 2022",G Shopping,791.592416,983.1
"Feb 5, 2022",Search,1338.881453,7171.7
"Feb 5, 2022",Discovery,1835.88585,684.4
"Feb 5, 2022",GDN Non-Smart Display,25.927106,69.9
"Feb 5, 2022",YouTube,182.313113,0
"Feb 5, 2022",Facebook,0,1303
"Feb 5, 2022",App Install,7951.288964,0
"Feb 5, 2022",Performance Max,192.226987,0
"Feb 5, 2022",G Shopping,722.423579,1018.4
"Feb 4, 2022",Search,1161.401401,8051.5
"Feb 4, 2022",Performance Max,396.519116,0
"Feb 4, 2022",YouTube,181.560547,0
"Feb 4, 2022",Discovery,1420.538433,79.8
"Feb 4, 2022",GDN Non-Smart Display,29.532679,0
"Feb 4, 2022",G Shopping,803.098953,718.9
"Feb 4, 2022",Facebook,0,568.8
"Feb 4, 2022",App Install,7883.302808,0
"Feb 3, 2022",Search,943.79774,5376.3
"Feb 3, 2022",GDN Non-Smart Display,30.524966,284.5
"Feb 3, 2022",Discovery,1336.615681,0
"Feb 3, 2022",Facebook,0,1023.3
"Feb 3, 2022",YouTube,825.473474,0
"Feb 3, 2022",Performance Max,494.241069,0
"Feb 3, 2022",G Shopping,788.095995,1362.6
"Feb 3, 2022",App Install,7545.807471,0
"Feb 2, 2022",YouTube,485.02496,0
"Feb 2, 2022",G Shopping,798.176985,269.7
"Feb 2, 2022",Facebook,0,1752.7
"Feb 2, 2022",Search,737.178747,5355.6
"Feb 2, 2022",Discovery,1891.926904,0
"Feb 2, 2022",GDN Non-Smart Display,28.31742,0
"Feb 2, 2022",Performance Max,109.536354,0
"Feb 2, 2022",App Install,7601.486537,0
"Feb 1, 2022",YouTube,580.359977,0
"Feb 1, 2022",Search,548.503712,5714.9
"Feb 1, 2022",Facebook,0,1362.6
"Feb 1, 2022",Discovery,264.412686,0
"Feb 1, 2022",App Install,7854.008582,0
"Feb 1, 2022",GDN Non-Smart Display,32.905125,0
"Feb 1, 2022",Performance Max,106.479653,0
"Feb 1, 2022",G Shopping,815.034878,1287.6
"Jan 31, 2022",App Install,8579.121551,0
"Jan 31, 2022",Search,980.080532,6610.4
"Jan 31, 2022",G Shopping,1142.564167,1127.9
"Jan 31, 2022",YouTube,953.418199,0
"Jan 31, 2022",Discovery,237.055788,0
"Jan 31, 2022",Facebook,0,1957
"Jan 31, 2022",Performance Max,63.729956,0
"Jan 31, 2022",GDN Non-Smart Display,41.985337,0
"Jan 30, 2022",Facebook,0,549.4
"Jan 30, 2022",Search,1349.597772,6390.3
"Jan 30, 2022",GDN Non-Smart Display,66.352033,0
"Jan 30, 2022",YouTube,1442.665525,0
"Jan 30, 2022",Discovery,348.750052,79.9
"Jan 30, 2022",G Shopping,889.979265,279.7
"Jan 30, 2022",Performance Max,69.746277,0
"Jan 30, 2022",App Install,7159.369144,0
"Jan 29, 2022",YouTube,1434.578628,0
"Jan 29, 2022",GDN Non-Smart Display,276.612924,0
"Jan 29, 2022",Search,1059.855568,8899.5
"Jan 29, 2022",Discovery,388.642184,0
"Jan 29, 2022",Performance Max,49.735753,0
"Jan 29, 2022",Facebook,0,933.5
"Jan 29, 2022",G Shopping,724.530703,1282.5
"Jan 29, 2022",App Install,7170.06742,0
"Jan 28, 2022",Search,1080.030902,5748.1
"Jan 28, 2022",GDN Non-Smart Display,150.958767,164.7
"Jan 28, 2022",Performance Max,97.943467,0
"Jan 28, 2022",Discovery,1171.318797,0
"Jan 28, 2022",App Install,6466.707772,0
"Jan 28, 2022",YouTube,1573.312583,0
"Jan 28, 2022",Facebook,0,738.8
"Jan 28, 2022",G Shopping,873.8149,719
"Jan 27, 2022",YouTube,1466.108111,0
"Jan 27, 2022",Performance Max,146.476657,0
"Jan 27, 2022",GDN Non-Smart Display,633.699146,418.1
"Jan 27, 2022",Discovery,965.602453,689.2
"Jan 27, 2022",Search,1035.49871,10330.5
"Jan 27, 2022",Facebook,0,728.8
"Jan 27, 2022",G Shopping,718.921236,1637.5
"Jan 27, 2022",App Install,7316.134013,0
"Jan 26, 2022",Discovery,1039.618069,39.9
"Jan 26, 2022",YouTube,1464.131682,214.8
"Jan 26, 2022",Facebook,0,809
"Jan 26, 2022",Search,1141.644911,9389.1
"Jan 26, 2022",GDN Non-Smart Display,957.861556,119.6
"Jan 26, 2022",App Install,7283.07308,0
"Jan 26, 2022",Performance Max,82.307019,0
"Jan 26, 2022",G Shopping,809.810268,449.2
"Jan 25, 2022",Discovery,896.508678,479.1
"Jan 25, 2022",YouTube,1476.941154,0
"Jan 25, 2022",Search,1172.74,10721.9
"Jan 25, 2022",Facebook,0,484.4
"Jan 25, 2022",G Shopping,728.177902,1957.5
"Jan 25, 2022",Performance Max,0.123609,0
"Jan 25, 2022",GDN Non-Smart Display,1505.568552,309.5
"Jan 25, 2022",App Install,7682.860661,0
"Jan 24, 2022",Search,1261.031053,8780
"Jan 24, 2022",YouTube,855.334965,0
"Jan 24, 2022",GDN Non-Smart Display,1652.685785,0
"Jan 24, 2022",G Shopping,835.413869,304.6
"Jan 24, 2022",Discovery,889.331471,603.7
"Jan 24, 2022",Facebook,0,609.2
"Jan 24, 2022",App Install,7577.262997,0
"Jan 23, 2022",Discovery,818.099086,333.9
"Jan 23, 2022",GDN Non-Smart Display,562.054167,0
"Jan 23, 2022",G Shopping,885.180723,519.1
"Jan 23, 2022",Search,1252.937334,9833.3
"Jan 23, 2022",Facebook,0,629.1
"Jan 23, 2022",YouTube,848.707252,0
"Jan 23, 2022",Performance Max,132.954593,0
"Jan 23, 2022",App Install,7198.412241,0
"Jan 22, 2022",Search,1184.70773,7380.5
"Jan 22, 2022",GDN Non-Smart Display,257.132879,0
"Jan 22, 2022",Facebook,0,578.7
"Jan 22, 2022",Discovery,871.215066,0
"Jan 22, 2022",YouTube,738.935397,0
"Jan 22, 2022",App Install,7237.85682,0
"Jan 22, 2022",G Shopping,785.658173,798.6
"Jan 22, 2022",Performance Max,147.007303,0
"Jan 21, 2022",YouTube,271.603154,0
"Jan 21, 2022",App Install,7483.214249,0
"Jan 21, 2022",Search,1159.14,6247.1
"Jan 21, 2022",Performance Max,215.650583,0
"Jan 21, 2022",GDN Non-Smart Display,450.907044,0
"Jan 21, 2022",G Shopping,814.16986,279.4
"Jan 21, 2022",Discovery,1339.881297,0
"Jan 20, 2022",Search,1228.513319,6459.6
"Jan 20, 2022",GDN Non-Smart Display,394.77124,0
"Jan 20, 2022",Discovery,1421.545456,189.8
"Jan 20, 2022",Performance Max,599.050543,0
"Jan 20, 2022",Facebook,0,369.2
"Jan 20, 2022",G Shopping,773.457322,743.4
"Jan 20, 2022",YouTube,237.337574,0
"Jan 20, 2022",App Install,7716.924639,0
"Jan 19, 2022",Search,1376.671175,3921
"Jan 19, 2022",Discovery,1671.066964,59.9
"Jan 19, 2022",G Shopping,720.246586,219.7
"Jan 19, 2022",YouTube,253.095338,0
"Jan 19, 2022",Performance Max,358.887005,0
"Jan 19, 2022",GDN Non-Smart Display,566.553823,339.6
"Jan 19, 2022",App Install,7259.675924,0
"Jan 19, 2022",Facebook,0,438.9
"Jan 18, 2022",GDN Non-Smart Display,669.483989,469.6
"Jan 18, 2022",Discovery,1220.05119,159.6
"Jan 18, 2022",App Install,6423.313306,0
"Jan 18, 2022",Search,1434.914759,3726.4
"Jan 18, 2022",GDN Smart Display,0,189.5
"Jan 18, 2022",Performance Max,141.864625,0
"Jan 18, 2022",YouTube,114.498819,0
"Jan 18, 2022",G Shopping,891.528628,808.6
"Jan 17, 2022",Search,1518.8,8453.4
"Jan 17, 2022",G Shopping,898.7472,449.3
"Jan 17, 2022",Discovery,1427.598808,169.7
"Jan 17, 2022",Facebook,0,713.2
"Jan 17, 2022",GDN Non-Smart Display,545.99196,0
"Jan 17, 2022",App Install,7293.813184,0
"Jan 17, 2022",Performance Max,98.586615,0
"Jan 16, 2022",Search,1628.8,22612.6
"Jan 16, 2022",Discovery,931.511972,1337.5
"Jan 16, 2022",GDN Non-Smart Display,601.025931,279.5
"Jan 16, 2022",Facebook,0,1641
"Jan 16, 2022",App Install,7211.864399,0
"Jan 16, 2022",Performance Max,190.72451,0
"Jan 16, 2022",G Shopping,863.666796,2644.6
"Jan 16, 2022",YouTube,65.485019,0
"Jan 15, 2022",Search,1552.87,20676
"Jan 15, 2022",GDN Non-Smart Display,252.703927,354
"Jan 15, 2022",Discovery,958.862332,0
"Jan 15, 2022",Performance Max,286.972013,0
"Jan 15, 2022",Facebook,0,1147.7
"Jan 15, 2022",App Install,7205.567196,0
"Jan 15, 2022",G Shopping,993.487868,3543.5
"Jan 15, 2022",YouTube,87.894553,0
"Jan 14, 2022",Discovery,1248.812108,1383.1
"Jan 14, 2022",Search,1227.17,16464.5
"Jan 14, 2022",App Install,7410.551385,0
"Jan 14, 2022",G Shopping,767.974927,1877.8
"Jan 14, 2022",GDN Non-Smart Display,97.15079,189.9
"Jan 14, 2022",Performance Max,252.542901,0
"Jan 14, 2022",Facebook,0,538.7
"Jan 14, 2022",YouTube,119.232065,0
"Jan 13, 2022",Discovery,1225.785238,159.5
"Jan 13, 2022",GDN Non-Smart Display,426.572955,89.8
"Jan 13, 2022",Search,1108.499325,19945.9
"Jan 13, 2022",App Install,7518.601205,0
"Jan 13, 2022",Facebook,0,2319.7
"Jan 13, 2022",YouTube,119.032364,0
"Jan 13, 2022",Performance Max,321.858445,0
"Jan 13, 2022",G Shopping,748.021531,1373.9
"Jan 12, 2022",Search,1012.882676,15766
"Jan 12, 2022",Facebook,0,673.5
"Jan 12, 2022",GDN Non-Smart Display,452.324333,623.8
"Jan 12, 2022",Discovery,1202.146072,474.8
"Jan 12, 2022",G Shopping,768.953514,1624
"Jan 12, 2022",Performance Max,220.086096,0
"Jan 12, 2022",App Install,7519.48741,0
"Jan 12, 2022",YouTube,118.369652,0
"Jan 11, 2022",Search,1134.586913,28144.3
"Jan 11, 2022",Discovery,1034.942279,970.8
"Jan 11, 2022",Performance Max,228.379918,0
"Jan 11, 2022",GDN Non-Smart Display,372.613198,479.3
"Jan 11, 2022",G Shopping,764.880886,1187.8
"Jan 11, 2022",Facebook,0,414
"Jan 11, 2022",YouTube,117.953581,0
"Jan 11, 2022",App Install,7260.657873,0
"Jan 10, 2022",GDN Non-Smart Display,471.609932,179.7
"Jan 10, 2022",Search,1219.79874,20479.3
"Jan 10, 2022",Discovery,938.27135,439.1
"Jan 10, 2022",App Install,7097.335094,0
"Jan 10, 2022",Performance Max,304.30391,0
"Jan 10, 2022",YouTube,118.497184,0
"Jan 10, 2022",G Shopping,865.321347,1118.1
"Jan 10, 2022",Facebook,0,69.8
"Jan 9, 2022",Search,1442.976529,21718.9
"Jan 9, 2022",Discovery,780.280254,0
"Jan 9, 2022",GDN Non-Smart Display,1244.096606,0
"Jan 9, 2022",Facebook,0,1486.2
"Jan 9, 2022",G Shopping,882.211711,2261.6
"Jan 9, 2022",Performance Max,270.247526,0
"Jan 9, 2022",App Install,7249.383586,0
"Jan 9, 2022",YouTube,118.267018,0
"Jan 8, 2022",Search,1253.858702,11484.3
"Jan 8, 2022",YouTube,117.97946,0
"Jan 8, 2022",GDN Non-Smart Display,1605.98168,764.3
"Jan 8, 2022",Performance Max,171.203558,0
"Jan 8, 2022",Facebook,0,668.7
"Jan 8, 2022",Discovery,801.680588,329.5
"Jan 8, 2022",App Install,7244.666007,0
"Jan 8, 2022",G Shopping,798.884002,2410.7
"Jan 7, 2022",GDN Non-Smart Display,1179.583278,0
"Jan 7, 2022",Facebook,0,1532
"Jan 7, 2022",G Shopping,667.237432,2312.1
"Jan 7, 2022",Discovery,962.934542,279.2
"Jan 7, 2022",Search,1225.029936,16340.1
"Jan 7, 2022",Performance Max,188.331778,0
"Jan 7, 2022",YouTube,118.238256,0
"Jan 7, 2022",App Install,7247.806624,0
"Jan 6, 2022",Discovery,1079.519124,264.4
"Jan 6, 2022",GDN Non-Smart Display,1516.486777,159.6
"Jan 6, 2022",Search,1937.597865,13770.7
"Jan 6, 2022",Performance Max,654.330417,0
"Jan 6, 2022",YouTube,152.87871,0
"Jan 6, 2022",Facebook,0,519.3
"Jan 6, 2022",G Shopping,186.391708,583.4
"Jan 6, 2022",App Install,7252.452803,0
"Jan 5, 2022",Search,2026.155231,14812.8
"Jan 5, 2022",GDN Non-Smart Display,1529.694091,229.7
"Jan 5, 2022",Performance Max,463.789108,0
"Jan 5, 2022",Discovery,1119.874547,379.3
"Jan 5, 2022",G Shopping,216.608158,952.9
"Jan 5, 2022",App Install,7196.30633,0
"Jan 5, 2022",Facebook,0,578.9
"Jan 5, 2022",YouTube,57.680731,0
"Jan 4, 2022",GDN Non-Smart Display,1331.185357,603.6
"Jan 4, 2022",Discovery,1450.492879,828.6
"Jan 4, 2022",Search,1967.71487,21425.4
"Jan 4, 2022",Performance Max,345.699759,0
"Jan 4, 2022",App Install,6020.657226,0
"Jan 4, 2022",Facebook,0,713.6
"Jan 4, 2022",G Shopping,159.844266,1769.9
"Jan 3, 2022",GDN Non-Smart Display,1128.820788,893.9
"Jan 3, 2022",Discovery,1521.871186,0
"Jan 3, 2022",Search,1086.935594,16273.8
"Jan 3, 2022",App Install,4867.923104,0
"Jan 3, 2022",Facebook,0,449
"Jan 3, 2022",Performance Max,290.235235,0
"Jan 3, 2022",G Shopping,168.17786,379.2
"Jan 2, 2022",Search,1354.95,14404.4
"Jan 2, 2022",Discovery,907.846171,0
"Jan 2, 2022",GDN Non-Smart Display,2217.847184,449.3
"Jan 2, 2022",Facebook,0,1322.5
"Jan 2, 2022",G Shopping,494.130395,1824.7
"Jan 2, 2022",App Install,6421.552645,0
"Jan 2, 2022",YouTube,0,29.9
"Jan 2, 2022",Performance Max,291.301692,0
"Jan 1, 2022",Discovery,875.460392,299.7
"Jan 1, 2022",GDN Non-Smart Display,1179.714451,279.5
"Jan 1, 2022",Search,1353.08,13074.1
"Jan 1, 2022",Facebook,0,1491.9
"Jan 1, 2022",App Install,6481.386128,0
"Jan 1, 2022",Performance Max,490.312762,0
"Jan 1, 2022",G Shopping,493.748571,1277.8